3100 5268
859 325 1029 396 14·

271 559 333 599 uon
368 536 408 600 de
440 536 598 620 incognita
624 555 767 620 novaque
802 534 891 600 litera
923 533 1095 600 Claudiana
1128 535 1192 600 istis
1226 537 1328 602 verbis
1356 537 1484 602 Velium

270 671 412 714 narrasse
429 649 617 714 existimaret
634 648 688 712 sed
705 643 787 712 ded
808 647 965 734 digammo
984 669 1041 734 per
1057 672 1153 734 quam
1173 647 1250 715 ulR
1268 659 1298 716 et
1318 651 1483 718 leTVS

270 764 476 828 scriberentur
506 763 558 846 (cf.
587 761 795 829 Schneiderus
826 786 856 849 p.
885 763 904 827 6
933 764 1018 848 not).
1074 763 1159 844 Quid
1187 766 1270 852 quod
1298 787 1338 830 ex
1371 765 1483 830 eodem

270 877 447 942 Velit-loco
474 877 518 941 M.
541 877 732 941 Vertranius‘
749 876 877 940 Maurus
905 877 1098 962 excogitasse
1130 877 1297 945 Claudium
1324 879 1483 965 quandam

269 993 388 1058 literam
409 991 559 1055 conclusit
583 1013 644 1077 qua
671 991 701 1054 R
729 1013 793 1054 vox
820 979 1013 1076 mitigaretur
1039 999 1071 1056 et
1096 992 1268 1058 molliretur
1289 993 1338 1077 (cf.
1360 993 1481 1059 ‘Noun

268 1117 306 1170 tr.
328 1105 367 1170 dc
388 1106 472 1190 dipl!
494 1105 515 1168 1.
538 1105 567 1168 d.
590 1114 653 1170 not.
677 1105 732 1189 1)?
752 1105 842 1172 Unus
857 1108 960 1171 nescio
982 1107 1049 1192 quis
1063 1107 1275 1193 inscriptiones
1290 1105 1483 1172 Claudianae

268 1221 372 1286 aetatis
391 1220 424 1282 in
444 1219 593 1282 auxilium
615 1221 752 1301 vocavit,
772 1220 805 1283 in
826 1220 936 1306 quibus
959 1222 1043 1306 quod
1063 1221 1290 1287 ANTON1A1
1311 1221 1482 1288 OAISAR

268 1313 488 1400 OCTAAIAI
507 1333 618 1397 similia
638 1333 816 1419 legerentur
831 1335 883 1400 AI
898 1335 1126 1422 diphthongum
1147 1337 1300 1400 invenisse
1314 1335 1481 1402 Claudium

267 1449 404 1514 credidit.
428 1471 522 1534 quam
535 1449 716 1513 sententiam
730 1449 812 1512 infra
825 1449 996 1514 videbimus
1013 1450 1097 1514 haud
1112 1450 1236 1514 omnino
1251 1473 1363 1514 vanam
1375 1451 1480 1532 fuisse,

267 1564 323 1628 etsi
343 1572 426 1627 recte
446 1562 569 1649 Lipsius
589 1571 619 1626 et
640 1563 770 1627 Vossius
791 1572 822 1627 et
842 1563 1023 1628 Torrentius
1044 1563 1098 1648 (ad
1119 1561 1205 1630 Suet.
1223 1563 1272 1629 Ol.
1285 1565 1384 1656 XLI)¹
1396 1566 1480 1628 hauc

266 1678 318 1742 AI
338 1678 565 1765 diphthongum
593 1699 664 1741 cum
689 1677 721 1740 in
748 1679 952 1742 monumentis
981 1679 1078 1744 multo
1105 1689 1177 1745 aute
1205 1679 1370 1746 Claudium
1391 1680 1480 1745 factis

265 1793 452 1878 reperiretur
473 1815 537 1856 nou
557 1793 714 1856 inventam
733 1815 753 1856 a
771 1791 902 1858 Claudio
926 1815 992 1858 esse
1013 1795 1305 1859 animadverterunt.
1331 1794 1480 1881 Plerique

219 1931 221 1938 ‘
265 1917 367 1972 autem
388 1917 419 1971 et
439 1907 530 1972 Velio
551 1905 664 1992 Longo
685 1915 717 1971 et
737 1907 984 1994 inscriptionibus
1004 1931 1131 1994 prorsus
1152 1909 1301 1996 neglectis
1325 1931 1478 1995 quaenam

265 2031 344 2088 esset
364 2021 453 2086 tertia
473 2021 562 2085 litera
582 2022 709 2106 adsequi
730 2023 911 2086 coniecturis
929 2024 1094 2087 tentabant
1122 2023 1221 2088 Erant
1237 2025 1290 2109 qui
1309 2023 1340 2087 R
1355 2024 1478 2088 literam

264 2137 297 2200 in
318 2136 463 2202 Latinum
483 2157 658 2202 sermonem
678 2158 697 2198 a
715 2135 763 2200 Ti.
778 2134 910 2200 Claudio
923 2137 1080 2202 inductam
1094 2159 1161 2202 esse
1180 2137 1295 2202 vellent
1314 2159 1477 2224 perperam

263 2251 470 2338 Pomponium
497 2261 531 2315 ut
559 2251 680 2314 videtu
704 2251 895 2336 interpretati
920 2249 1034 2316 libum
1060 2252 1114 2337 qui
1140 2251 1474 2340 Dig.12,2segm.

264 2366 305 2430 36
327 2366 366 2430 de
385 2366 492 2452 Appio
520 2364 651 2430 Claudio
677 2366 779 2451 ipsum
806 2365 883 2429 illud
911 2366 1038 2430 tradidit
1058 2367 1109 2450 (cf.
1132 2365 1249 2430 ‘Noun
1271 2375 1309 2429 tr.
1332 2367 1371 2430 de
1392 2367 1476 2454 dipl!

263 2481 333 2545 coll.
356 2478 548 2546 Schneiderc
570 2502 599 2566 p.
622 2481 707 2567 341).
749 2479 818 2545 Neo
843 2479 944 2544 minus
973 2479 1085 2546 Curius
1105 2480 1285 2546 Lancilotus
1305 2481 1414 2546 Pasius
1437 2484 1476 2548 de

262 2607 328 2660 arte
347 2617 446 2682 gram
468 2595 521 2660 lib.
541 2595 595 2659 HI
617 2619 643 2660 c.
665 2596 685 2659 6
704 2595 800 2659 falsus
828 2603 874 2658 est
901 2617 972 2658 cum
1001 2594 1028 2658 Z
1057 2595 1178 2660 literam
1206 2599 1317 2681 ‘quam
1337 2597 1475 2682 Augusti

261 2720 400 2796 tempore
420 2733 439 2773 a
460 2709 590 2775 Graecis
609 2709 736 2775 Latinos
757 2718 909 2775 mutuatos
927 2731 994 2775 esse
1014 2698 1197 2797 Papirianus
1213 2721 1374 2792 narraret,
1396 2711 1474 2778 alios

261 2827 418 2891 inventam
438 2848 457 2889 a
478 2811 612 2892 Caesare
632 2825 765 2892 Claudio
785 2823 972 2912 prodidisse’
994 2824 1110 2889 diceret
1123 2825 1174 2909 (cf.
1189 2823 1352 2910 Scylertus
1371 2847 1473 2912 gram.

260 2940 312 3004 lat.
339 2940 357 3003 Ι
384 2963 414 3027 p.
445 2942 506 3024 14).
556 2939 678 3027 Lipsius
709 2941 780 3025 quia
808 2961 826 3003 e
854 2940 934 3002 libro
955 2959 1048 3024 quem
1074 2939 1114 3004 de
1140 2939 1341 3025 grammatica
1368 2940 1474 3006 Varro

259 3055 380 3142 scripsit
398 3054 481 3141 apud
503 3053 733 3120 Cassiodorium
753 3079 790 3142 pt
805 3054 888 3118 2286
906 3053 944 3117 Ρ.
965 3053 1043 3117 haec
1063 3053 1262 3140 proferuntur
1282 3053 1474 3119 ‘Literarum

260 3171 373 3258 partim
394 3178 514 3233 suntet
534 3170 676 3234 dicuntur
696 3177 730 3232 ut
748 3169 782 3232 A
802 3177 833 3232 et
852 3169 896 3250 B,
916 3167 1029 3254 partim
1052 3167 1195 3232 dicuntru
1216 3177 1246 3232 et
1262 3191 1326 3233 non
1346 3179 1418 3233 sunt
1440 3181 1475 3233 ut

258 3284 292 3348 H
313 3294 343 3349 et
364 3283 412 3367 X,
434 3285 546 3371 partim
568 3293 639 3348 sunt
658 3305 761 3368 neque
780 3283 924 3347 dicuutur
951 3289 985 3346 ut
1017 3284 1056 3344 Φ.
1083 3283 1140 3364 Ψ’,“
1160 3292 1195 3347 ut
1221 3289 1257 3345 Ψ
1272 3284 1314 3348 ita
1340 3287 1371 3344 Φ
1392 3307 1473 3368 quae

258 3399 364 3463 literae
393 3398 538 3463 Varrone
572 3407 649 3464 teste
682 3399 872 3463 necessariae
906 3397 1036 3462 fuissent
1075 3398 1266 3483 excogitasse
1305 3397 1474 3463 Claudium

259 3514 362 3595 duxit,
384 3512 513 3578 Vossius
541 3513 662 3578 nullum
688 3511 750 3576 PH
773 3511 880 3576 literae
902 3511 986 3597 quod
1007 3513 1051 3576 uti
1069 3511 1097 3575 F
1117 3513 1367 3602 pronuntiaretur
1387 3514 1472 3598 apud

257 3627 383 3692 Latinos
425 3649 516 3692 usum
557 3626 651 3691 fuisse
686 3626 826 3713 opinatus
864 3637 917 3691 aut
951 3631 988 3687 X
1019 3633 1072 3689 aut
1111 3629 1147 3688 Θ.
1204 3627 1324 3690 Verum
1364 3627 1470 3712 inepte

257 3741 431 3828 Rohbigius
458 3743 490 3804 in
518 3741 624 3806 codice
651 3741 716 3806 crit
745 3741 765 3803 l.
793 3740 812 3804 Ι
838 3763 864 3804 c.
886 3741 905 3804 6
929 3749 993 3805 tres
1017 3740 1074 3804 sibi
1102 3740 1206 3805 literas
1231 3741 1472 3827 deprehendisse

256 3857 311 3946 has
333 3856 495 3920 videbatur
517 3856 674 3942 digamma
701 3856 764 3919 iota
784 3878 845 3919 vau
865 3855 916 3938 (cf.
938 3855 1137 3920 Burmannus
1164 3855 1249 3922 Suet
1279 3856 1301 3919 l.
1323 3855 1375 3940 d),
1398 3879 1470 3920 cum

256 3971 413 4055 digamma
426 3971 459 4033 in
477 3971 579 4034 locum
596 3993 657 4034 vau
679 3970 875 4035 consonantis
892 3969 1088 4034 substitutum
1109 3991 1175 4036 esse
1193 3970 1354 4034 manifesto
1375 3992 1470 4056 appa-

255 4096 345 4150 reret.
375 4086 394 4149 I
412 4095 514 4150 autem
530 4107 702 4149 consonans
723 4085 762 4148 ab
784 4085 826 4150 eis
848 4105 971 4170 quoque
992 4107 1048 4171 pro
1067 4083 1238 4150 Claudiana
1257 4085 1347 4150 litera
1362 4084 1471 4149 habita

254 4209 301 4263 cst
321 4199 374 4285 qui
393 4200 509 4265 librum
529 4200 693 4266 ‘Nouveau
717 4200 806 4264 traite
833 4200 872 4264 de
893 4199 1028 4286 diplom!
1049 4200 1312 4286 conscripserunt,
1333 4208 1365 4262 at
1384 4209 1471 4264 recte

254 4313 383 4378 Vossius
404 4315 423 4380 I
444 4316 624 4379 consonanti
643 4315 777 4402 figuram
797 4314 867 4380 ideo
889 4335 953 4378 non
974 4313 1159 4399 quaesivisse
1174 4313 1339 4381 Caesarem
1362 4315 1471 4380 obser-

253 4429 337 4492 vavit
358 4428 445 4516 ‘quia
466 4451 502 4494 ea
524 4429 639 4495 Graeci
660 4431 818 4493 carerent?
859 4429 1057 4494 Burmannus
1079 4431 1163 4516 quod
1184 4430 1347 4516 antisigma
1367 4430 1472 4494 vicem

252 4543 283 4607 Ξ
299 4542 439 4610 Graecae
458 4544 642 4631 praestitisse
664 4543 822 4610 contendit
839 4552 960 4628 praeter
984 4543 1145 4629 antisigma
1168 4553 1199 4608 et
1218 4544 1375 4630 digamma
1397 4567 1473 4610 eam
