3100 5268
181 1243 345 1342 Quantam
366 1261 406 1326 ad
427 1259 569 1323 Latinam
596 1259 735 1344 linguam
762 1259 1018 1326 conformandam
1045 1265 1137 1343 atque
1163 1255 1306 1321 excolen-

95 1373 167 1438 dam
187 1376 260 1440 inde
287 1376 326 1439 ab
354 1373 570 1460 antiquissimis
596 1374 786 1459 temporibus
812 1373 1084 1459 grammaticorum
1105 1372 1236 1436 valuerit
1256 1393 1306 1436 ars

94 1499 126 1552 et
154 1489 309 1572 doctrina,
337 1499 443 1553 nostra
471 1488 596 1552 demum
623 1496 722 1551 aetate
748 1489 861 1574 patuit,
891 1510 952 1573 qua
979 1486 1116 1572 singulas
1147 1486 1305 1552 literarum

93 1601 276 1668 Latinarum
297 1591 548 1668 commutationes
566 1602 724 1666 aliteratis
745 1603 875 1688 singulis
889 1601 984 1664 factas
1002 1621 1069 1665 esse
1082 1599 1305 1686 perspeximus.

94 1714 151 1802 Sp.
173 1716 256 1780 enim
277 1715 431 1783 Carvilius
458 1716 569 1802 Rugae
589 1717 642 1780 lib.
663 1725 694 1780 et
715 1713 748 1780 G
775 1701 995 1780 consonantem
1020 1715 1053 1776 iu
1074 1713 1233 1778 literarum
1257 1735 1306 1778 or-

94 1829 199 1894 dinem
227 1829 356 1894 adscivit
383 1839 413 1895 et
434 1851 474 1894 ex
495 1829 525 1895 Ο
548 1839 579 1894 et
598 1829 627 1892 Ε
647 1829 806 1894 vocalibus
827 1828 859 1891 in
880 1828 912 1892 V
939 1837 971 1894 et
990 1828 1009 1892 I
1036 1849 1129 1892 sonos
1158 1828 1306 1892 vicissitu-

94 1945 199 2008 dinem
227 1944 349 2008 videtur
369 1943 515 2008 effecisse.
569 1941 689 2006 Ennius
715 1945 895 2007 hexametro
929 1963 1021 2007 versu
1048 1965 1067 2004 a
1093 1940 1222 2008 Graecis
1252 1941 1305 2004 ad-

93 2068 216 2144 sumpto
238 2057 407 2145 geminavit
427 2043 640 2121 consonuites.
675 2057 780 2121 Attius
804 2058 837 2120 A
850 2055 879 2119 E
893 2056 924 2120 V
945 2055 1056 2141 longas
1076 2056 1143 2119 An
1163 2054 1221 2120 ΕΕ
1243 2054 1306 2118 VV

93 2173 253 2258 seripturis
274 2172 439 2259 expressit,
467 2172 499 2234 iu
525 2170 544 2235 Ι
571 2171 686 2256 longae
712 2171 813 2236 vicem
833 2169 881 2234 EI
901 2169 1070 2251 substituit,
1099 2169 1132 2232 V
1152 2169 1252 2233 vocali
1273 2167 1305 2246 Q

92 2285 271 2372 praeposuit
296 2307 354 2372 pro
384 2285 411 2352 Ο
439 2294 492 2349 aut
519 2283 561 2348 K.
603 2283 741 2348 Lucilius
769 2283 858 2347 Attio
886 2283 1066 2348 adversatus
1086 2281 1179 2350 aliam
1200 2282 1306 2346 esseI

93 2410 218 2463 tenuem
237 2399 336 2464 voluit
355 2421 435 2484 quae
455 2399 523 2462 sola
541 2398 560 2462 I
580 2398 684 2480 litera,
711 2397 803 2460 aliam
823 2397 842 2460 I
862 2399 1010 2484 pinguem
1032 2417 1111 2482 quae
1132 2406 1185 2461 aut
1203 2419 1266 2461 una
1287 2397 1306 2462 I

93 2524 147 2578 aut
167 2514 215 2578 EI
235 2515 332 2579 literis
352 2515 547 2579 scriberetur.
596 2511 712 2576 Iulium
741 2511 908 2578 Caesarem
935 2533 999 2577 non
1024 2512 1118 2575 modo
1144 2511 1306 2598 probabile

93 2639 140 2692 est
162 2630 195 2692 in
216 2650 336 2693 morem
349 2630 451 2715 apices
465 2626 648 2714 perduxisse
669 2627 780 2712 quibus
793 2625 955 2713 productio
969 2626 1123 2691 vocalium
1137 2634 1305 2708 notaretur,

92 2743 149 2806 sed
180 2743 271 2806 etiam
304 2742 559 2807 declinandorum
592 2741 760 2805 verborum
786 2739 902 2804 formas
932 2761 1063 2805 novasse
1089 2741 1304 2827 comperimus.

93 2856 183 2920 Haec
204 2855 347 2942 exempla
368 2865 398 2920 et
418 2856 532 2919 similia
551 2855 576 2918 si
598 2863 786 2941 spectamus,
814 2875 879 2918 non
906 2853 1020 2917 nurum
1040 2854 1130 2919 nobis
1151 2855 1307 2920 videbitur

93 2970 178 3054 quod
212 2970 261 3034 Ti.
295 2969 442 3036 Claudius
476 2969 608 3051 Caesar,
641 2969 735 3034 homo
772 2971 888 3053 ‘neque
913 2965 1096 3032 infacundus
1124 2988 1225 3054 neque
1260 2967 1305 3031 in-

93 3085 219 3165 doctae,
246 3084 308 3148 imo
338 3085 429 3149 etiam
449 3083 646 3169 pertinaciter
664 3081 842 3146 liberalibus
864 3080 970 3145 studiis
993 3081 1113 3146 deditus
1121 3083 1138 3164 ‘,
1165 3083 1305 3170 linguam

93 3183 236 3261 Latinam
264 3197 428 3261 excolendi
455 3197 556 3260 studio
585 3196 725 3260 incensus
747 3196 836 3260 novis
863 3195 960 3259 literis
980 3195 1074 3259 auxit.
1118 3196 1212 3275 Quod
1234 3219 1305 3261 cum

94 3311 261 3378 Suetonius
282 3311 398 3375 rettulit
419 3309 529 3375 Claud.
550 3309 630 3372 XLI
651 3297 775 3374 ²Novas
797 3309 886 3374 etiarn
909 3319 1100 3380 commentus
1128 3319 1174 3374 est
1201 3311 1304 3376 literas

91 3436 155 3489 tres
170 3447 207 3488 ae
221 3445 351 3489 numero
365 3433 505 3488 veterum
522 3425 609 3509 quasi
622 3425 757 3488 maxime
771 3424 956 3488 necessarias
970 3423 1102 3507 addidit,
1120 3425 1160 3490 de
1174 3447 1305 3510 quarum

93 3541 213 3603 ratione
240 3561 311 3604 cum
336 3538 473 3624 privatus
501 3538 603 3601 adhuc
625 3536 771 3602 volumen
794 3537 954 3630 edidisset,
980 3559 1056 3602 mox
1076 3540 1219 3627 princeps
1240 3564 1304 3606 non

94 3653 260 3718 difficulter
280 3652 412 3716 obtinuit
430 3660 464 3715 ut
484 3652 517 3715 in
536 3675 594 3716 usu
613 3673 736 3739 quoque
752 3652 927 3739 promiscuo
943 3629 1068 3734 assent,
1088 3662 1155 3716 tum
1169 3653 1304 3737 Tacitus,

94 3769 145 3832 eui
164 3768 259 3852 digna
279 3788 330 3831 res
351 3765 416 3829 visa
444 3775 490 3830 est
513 3775 641 3852 propter
662 3787 755 3851 quam
782 3766 822 3829 ad
843 3766 1019 3830 literaturae
1038 3766 1191 3852 originem
1210 3770 1304 3835 histo-

89 3883 233 3968 riamque
254 3880 490 3966 degrederetur,
512 3880 613 3944 annal.
627 3879 679 3944 XI
696 3881 735 3944 13
758 3884 811 3944 ‘ac
831 3901 927 3943 novas
948 3880 1107 3944 literarum
1121 3880 1237 3946 formas
1252 3884 1304 3948 ad-

94 3996 172 4060 didit
192 3993 407 4080 vulgavitque,
429 4003 586 4081 eomperto
602 3992 755 4059 Graecam
775 4014 898 4080 quoque
918 3993 1109 4058 literaturam
1128 4017 1192 4059 non
1212 3997 1304 4062 simul

93 4119 234 4196 coeptam
250 4108 497 4194 absolutamque’
520 4118 550 4172 et
567 4107 619 4172 XI
634 4109 674 4170 14
697 4106 786 4185 ‘Quo
801 4105 944 4192 exemplo
959 4105 1106 4172 Claudius
1121 4117 1183 4173 tres
1199 4111 1303 4175 literas

92 4223 205 4312 adiecit
225 4245 252 4287 e.
267 4245 296 4308 q.
312 4223 345 4285 s.‘
383 4222 503 4287 Verum
524 4221 646 4287 Claudii
664 4223 790 4286 inventa
810 4221 950 4305 quamvis
971 4221 1057 4285 utilia
1076 4222 1171 4288 literis
1185 4224 1303 4290 Latinis

94 4339 224 4402 fuissent
249 4347 353 4401 tamen
380 4358 443 4401 non
471 4356 569 4421 aeque
595 4343 687 4421 atque
706 4332 835 4398 Carvilii
855 4342 886 4396 et
905 4333 1000 4396 Ennii
1028 4344 1058 4399 et
1082 4337 1215 4402 aliorum
1234 4363 1303 4427 per-

93 4459 283 4517 manserunt.
331 4451 415 4515 Nam
447 4473 518 4515 cum
545 4472 625 4536 quos.
654 4470 747 4535 supra
779 4448 844 4511 dixi
876 4450 1069 4534 grammatici
1102 4472 1142 4516 ne
1170 4451 1303 4519 Caesare

94 4568 220 4652 quidem
241 4577 370 4653 excepto
393 4587 430 4630 ea
449 4566 642 4652 potissimum
658 4562 836 4629 auctoritate
852 4563 1075 4628 sustinerentur
1088 4587 1181 4650 quam
1196 4569 1302 4632 studiis

133 4671 140 4688 '
1118 4667 1134 4726 l

1227 4791 1229 4794 ⁵
1264 4809 1298 4882 il·
