3100 5268
77 515 242 602 sculpsisse
266 524 301 580 ut
327 524 358 578 et
384 513 412 580 O
442 523 546 578 notam
573 535 652 599 quae
687 515 721 578 in
751 516 922 602 archetypo
952 526 1018 579 erat
1046 527 1077 580 et
1102 515 1156 584 Ps
1183 539 1289 582 conso-

79 639 188 695 nantes
208 651 288 715 quae
308 625 336 692 O
357 639 430 694 nota
450 629 702 715 significabantur
722 631 924 716 exprimeret,
951 653 1014 714 quo
1034 631 1115 695 facto
1137 631 1290 717 posteaO

78 744 212 829 figuram
237 744 319 808 inter
338 743 356 808 Ι
378 752 409 808 et
429 743 456 807 P
473 743 577 808 literas
595 743 803 829 interpositam
829 745 929 807 erasit.
950 743 1062 830 Neque
1089 746 1170 809 eninr
1198 745 1290 809 aliam

79 859 230 922 rationem
257 858 440 942 habeoque
467 857 610 922 hennam
637 859 726 924 unius
754 857 862 922 literae
880 858 915 921 in
935 859 1045 924 eodem
1073 859 1224 923 vocabulo
1245 859 1291 922 bis
1344 905 1349 912 ·

79 972 241 1058 repetitam
264 971 456 1058 interpreter.

162 1085 284 1150 Pariter
304 1094 396 1171 atque
415 1086 446 1158 X.
464 1087 621 1173 digamma
642 1087 705 1150 iam
725 1095 796 1152 ante
818 1086 983 1153 Claudium
1005 1086 1156 1151 exstitisse
1170 1085 1291 1174 Lipsius

81 1209 112 1264 et
133 1198 341 1266 Schneiderus
370 1208 532 1286 putarunt,
561 1199 725 1286 Seyfertus
749 1223 849 1287 gram.
878 1201 930 1264 lat.
951 1200 970 1264 Ι
989 1223 1027 1288 p..
1041 1202 1100 1288 137
1130 1201 1293 1288 antisigma

80 1315 170 1379 litera
198 1315 350 1400 quosdam
375 1316 480 1380 statuit
504 1338 577 1382 rasos
605 1337 672 1381 csse
698 1317 890 1403 temporibus
915 1316 1062 1402 Augusti.
1106 1315 1187 1382 Cum
1211 1317 1292 1380 enim

11 1495 17 1500 ,
80 1429 241 1494 tradidisse
261 1429 382 1514 aliquos
401 1427 568 1496 Suetonius
589 1429 699 1496 Octav.
716 1429 930 1494 LXXXVIII
949 1440 1055 1494 narret
1075 1431 1292 1516 imperatorem

84 1545 265 1629 Augustum
285 1543 388 1629 legato
410 1545 566 1610 consulari
585 1565 793 1610 successorem
817 1545 937 1610 dedisse
965 1555 999 1608 ut
1023 1546 1094 1609 rudi
1119 1555 1150 1608 et
1169 1547 1294 1610 indocto

81 1659 136 1742 qui
157 1658 230 1720 ‘ixi'
250 1679 308 1744 pro
335 1658 425 1744 ‘ipsi’
451 1661 548 1725 verbo
577 1660 762 1746 scripsisset,
793 1659 955 1746 Scylertus
975 1657 1065 1725 1001
1085 1661 1181 1746 legati
1199 1681 1294 1724 manu

81 1772 229 1858 scriptum
256 1773 299 1836 ita
327 1793 394 1837 esse
418 1773 585 1838 arbitratur
610 1783 644 1838 ut
672 1767 727 1840 OG
754 1774 857 1859 figura
880 1772 935 1840 PS
963 1797 1077 1838 vocemv
1100 1777 1294 1862 expresserit.

81 1887 128 1950 At
148 1907 250 1972 neque
276 1885 331 1952 00
356 1887 460 1972 figura
484 1887 648 1972 antisigma
675 1896 741 1951 erat
767 1909 825 1952 nec
849 1898 976 1976 propter
1001 1897 1148 1952 novatam
1174 1886 1295 1952 literam
1345 1925 1347 1938 ·

80 2000 138 2066 sed
158 2000 230 2085 quia
250 2001 359 2066 vitiose
378 2001 412 2065 X
432 2023 489 2087 pro
504 1999 558 2067 PS
580 2023 657 2066 voce
676 2002 841 2088 scripserat
860 2003 964 2088 legato
984 2025 1096 2066 munus
1110 2003 1294 2088 abrogatum

81 2123 137 2179 est.
168 2114 252 2178 Nam
272 2115 347 2178 ‘ixi'
369 2114 500 2179 verbum
520 2115 605 2200 quod
624 2116 658 2180 in
677 2125 794 2180 butam
815 2117 925 2181 cecidit
940 2117 1077 2203 Augusti
1093 2119 1295 2182 offensionem

80 2228 155 2294 inde
182 2237 284 2294 ortum
310 2249 378 2294 esse
404 2229 521 2296 conicio
548 2230 633 2315 quod
658 2231 687 2294 P
713 2231 803 2296 litera
831 2241 866 2296 ut
892 2233 976 2318 apud
997 2233 1096 2298 Oscos
1118 2231 1164 2294 ita
1183 2231 1216 2296 in
1234 2229 1294 2294 La-

81 2344 147 2407 tino
175 2365 318 2408 sermone
343 2345 467 2430 saepius
492 2365 562 2408 cum
591 2343 619 2410 O
644 2354 675 2409 et
695 2345 729 2411 G
756 2345 838 2424 etQ
864 2348 947 2411 sonis
975 2345 1220 2410 commutabatur
1241 2343 1292 2426 (cf.

84 2456 308 2525 Schwenckius
327 2458 368 2524 N.
390 2458 471 2522 Mus.
492 2458 555 2524 Rh.
581 2459 600 2523 I
620 2483 651 2546 p.
670 2461 741 2534 444,
755 2470 786 2524 et
805 2460 1027 2525 Mommsenius
1049 2460 1103 2522 inf.
1124 2459 1194 2522 Ital.
1224 2457 1296 2522 dial.
1345 2545 1348 2552 .

83 2597 114 2660 p.
135 2574 219 2658 223).
261 2566 372 2658 Itaque
392 2581 492 2659 potest
512 2573 659 2638 accidisse
678 2582 713 2638 ut
732 2573 834 2661 plebei
854 2583 884 2638 et
903 2575 1048 2638 rusticani
1069 2574 1211 2638 homines
1232 2595 1294 2636 non

84 2687 172 2772 ‘ipsi’
200 2687 256 2752 scd
283 2687 367 2751 ‘icsi’
394 2687 445 2752 vel
472 2688 546 2751 ‘ixi’
575 2689 728 2770 dicerent,
762 2690 847 2774 quod
875 2690 969 2754 homo
1004 2689 1116 2752 urbani
1146 2688 1298 2753 sermonis

83 2801 210 2886 guarus
231 2802 323 2866 etiam
342 2801 507 2868 scribendo
527 2801 660 2866 imitatus
681 2803 721 2867 ab
738 2803 886 2888 Augusto
901 2803 1048 2889 expulsus
1061 2824 1128 2867 esse
1147 2811 1297 2889 potestate

83 2915 249 2980 ferebatu.

538 3187 851 3198 -α--υ--ν--κ-ω--ψκ

530 3411 654 3524 taput
683 3407 854 3504 tertium.

169 3598 221 3664 De
241 3601 330 3666 tertio
352 3600 515 3666 Claudiani
535 3601 653 3687 ingenii
672 3601 842 3688 exemplari
862 3599 1033 3686 superiores
1053 3599 1127 3666 inde
1146 3621 1165 3661 a
1182 3597 1298 3663 renatis

84 3713 181 3778 literis
205 3717 399 3800 grammatici
430 3737 524 3801 supra
555 3739 648 3801 quam
681 3717 827 3780 credibile
864 3722 910 3780 est
943 3713 1062 3778 ariolati
1095 3721 1175 3778 sunt.
1221 3711 1298 3777 Nou

86 3830 235 3914 fugerunt
254 3831 378 3916 quidem
400 3829 497 3918 Lipsii
517 3831 558 3894 ad
578 3831 651 3896 Tac.
674 3807 745 3894 ann.
763 3828 1006 3912 V114,Vossii
1025 3826 1197 3891 Aristarch.
1218 3825 1240 3892 l.
1257 3824 1302 3920 d,

87 3943 219 4008 aliorum
245 3945 442 4029 sagacitatem
470 3955 614 4032 corrupta
640 3944 722 4010 Velii
752 3943 857 4030 Longi
884 3943 980 4008 verba
1011 3964 1041 4029 p.
1068 3943 1151 4006 2235
1177 3940 1215 4006 P.
1243 3940 1298 4007 ‘de

88 4059 156 4124 viro
187 4081 261 4124 vcro
294 4069 324 4124 ct
344 4061 457 4124 virtute
483 4060 537 4124 ubi
563 4060 581 4124 Ι
609 4059 752 4124 scribitur
779 4068 810 4124 et
831 4079 931 4145 paene
952 4057 983 4121 V
1004 4056 1195 4136 enuntiatur,
1216 4054 1300 4120 unde

87 4171 138 4238 Ti.
160 4171 308 4240 Claudius
329 4196 442 4238 novam
464 4173 620 4259 quandam
637 4173 758 4240 literam
779 4172 966 4258 excogitavit
985 4192 1012 4236 e.
1035 4192 1065 4255 q.
1087 4171 1130 4251 s',
1158 4169 1214 4236 scd
1234 4190 1300 4234 cor·

87 4296 214 4372 ruptum
242 4309 313 4352 cum
339 4287 540 4373 compellasse
567 4288 671 4354 locum
693 4287 821 4354 Vossius
846 4287 918 4352 satis
951 4286 1075 4366 habuit,
1103 4283 1225 4370 Lipsius
1254 4283 1300 4345 ‘in

88 4402 244 4488 prioribus
266 4402 305 4468 de
323 4403 457 4468 Aeolico
478 4403 634 4488 digamma
649 4402 758 4468 saltem
778 4401 903 4468 Velium
925 4400 1025 4485 egisse
1045 4420 1079 4463 se
1099 4397 1192 4462 scire'
1214 4396 1301 4476 dixit,

89 4515 235 4580 nimirum
256 4514 573 4584 V1R0tV1RTVS
601 4517 750 4604 exemplis
778 4539 796 4582 a
822 4503 935 4602 Longo
961 4514 1071 4580 adlatis
1097 4512 1239 4579 inductus
1268 4519 1303 4574 ut
