3100 5268
841 323 881 396 lo

255 557 326 599 nam
355 535 452 600 multo
480 533 655 600 molliorem
684 543 714 598 et
741 535 957 600 volubiliorem
986 555 1094 599 sonum
1124 535 1218 600 habet
1244 541 1279 596 Ψ
1297 559 1391 622 quam
1410 535 1465 603 ΡΒ

256 649 306 714 vel
321 646 384 715 ΒΕ.
411 647 482 712 Hae
499 657 620 729 tamen,
640 649 672 712 id
695 658 741 713 est
753 645 826 731 BS,
846 670 910 713 non
931 649 1006 712 alias
1028 649 1141 714 debent
1161 651 1236 736 poni
1256 673 1313 737 pro
1341 655 1383 733 Ψ,
1404 652 1465 716 hoo

255 772 301 828 est
326 764 359 826 in
389 753 496 828 eadem
523 763 645 849 syllaba
671 764 869 845 coniunctae,
904 764 963 827 nisi
997 765 1028 826 in
1063 765 1126 865 tine
1153 764 1350 846 nominativi,
1379 766 1465 830 cuius

254 878 416 963 genetivus
448 878 481 940 in
508 879 555 942 bis
586 878 712 961 desinit,
745 887 778 942 ut
805 879 879 942 urbs
908 879 1010 960 urbis,
1042 878 1163 943 caelebs
1189 855 1336 960 caelibis,
1361 881 1467 943 Arabs

254 992 388 1056 Arabis!
417 991 613 1078 ‘antisigma’
633 991 666 1055 in
689 993 872 1058 Amienensi
893 1002 924 1058 et
943 992 1210 1057 Halberstadiensi
1230 993 1316 1058 libris
1338 1015 1403 1059 esse
1426 1015 1466 1058 ex

254 1104 375 1170 Hertzii
406 1107 603 1192 consequitur
637 1107 767 1172 silentio.
816 1107 974 1171 Parisinus
1008 1107 1090 1172 7496
1125 1106 1297 1170 ‘andrina'
1331 1108 1466 1189 exhibet,

254 1220 492 1306 Bambergensis
528 1219 774 1286 Oaroliruhensis
809 1223 871 1287 223
887 1222 1063 1297 [Parisinus
1095 1222 1178 1286 7496
1207 1243 1266 1285 sec.
1295 1243 1336 1284 m.
1374 1224 1467 1286 ‘anti-

253 1335 385 1416 simma,’
421 1331 634 1420 sangallensis
668 1335 899 1416 ‘antissimma,’
931 1332 1150 1420 Lugdunensis
1182 1314 1357 1400 ‘antisiina'
1411 1337 1467 1402 00

253 1449 388 1535 figuram
409 1447 568 1513 Parisinus
596 1450 680 1514 7496
704 1471 763 1513 seo.
792 1472 834 1513 m.
862 1449 1004 1528 tradidit,
1033 1448 1097 1514 00
1123 1450 1205 1514 idem
1234 1473 1280 1538 pr.
1309 1473 1349 1514 m.
1377 1452 1467 1515 Ami-

245 1564 374 1628 ·enensis
395 1563 692 1645 Halberstadiensis,
713 1585 734 1626 x
754 1545 804 1633 &8
824 1562 1073 1648 Bambergeusis.

335 1676 394 1740 His
415 1677 510 1764 igitur
530 1677 681 1742 Prisciani
708 1676 811 1741 verbis
839 1677 1013 1742 Romanam
1038 1677 1159 1742 literam
1189 1676 1355 1743 Claudium
1383 1679 1467 1742 inve-

253 1793 334 1855 nisse
359 1798 395 1853 Ψ
412 1791 553 1857 Graecae
572 1813 679 1877 parem
701 1800 776 1878 puto
796 1787 994 1856 intellectum.
1036 1791 1104 1858 Nec
1123 1793 1225 1856 minus
1246 1802 1388 1878 apertum
1409 1793 1469 1856 erit

190 1919 192 1924 '
254 1915 442 1993 quapropter
461 1906 547 1969 illam
566 1914 673 1970 uotam
694 1905 810 1972 Caesar
830 1906 1007 1970 literaturae
1027 1906 1188 1970 addiderit.
1216 1904 1245 1968 Ε
1265 1907 1364 1969 tribus
1384 1907 1467 1970 enim

253 2021 348 2086 literis
369 2021 542 2107 duplicibus
563 2021 674 2106 quibus
696 2018 811 2096 Graeci
833 2021 998 2084 utebantur
1017 2019 1049 2086 Ξ
1065 2020 1187 2084 literam
1201 2021 1304 2105 quoad
1323 2020 1467 2084 Latinam

253 2134 393 2220 linguam
422 2133 601 2221 longissime
625 2156 787 2221 possumus
814 2135 968 2220 respicere
995 2157 1059 2198 una
1082 2133 1116 2197 X
1136 2135 1237 2220 figura
1257 2134 1392 2198 Romani
1412 2157 1466 2199 no-

252 2250 368 2314 tabant.
407 2248 531 2314 Deinde
551 2255 581 2309 Z
598 2270 821 2335 vocemquam
842 2249 942 2334 primo
971 2271 990 2312 a
1018 2249 1148 2315 Graecis
1175 2249 1369 2334 adsumptam
1397 2259 1468 2336 post

253 2385 291 2428 ex
328 2362 487 2428 literarum
520 2363 629 2428 ordine
664 2363 846 2451 expulerant
880 2372 1045 2447 antequam
1072 2383 1090 2426 e
1116 2363 1223 2449 populi
1248 2363 1389 2426 libertate
1416 2385 1467 2427 res

252 2477 376 2565 publiea
396 2479 428 2540 in
452 2477 621 2543 Caesarum
648 2477 887 2542 dominationem
914 2477 1006 2542 vertit
1034 2477 1145 2540 iterum
1177 2485 1369 2562 receperunt
1412 2477 1468 2540 ld-

252 2592 334 2657 circo
357 2593 448 2656 etiam
468 2593 590 2656 tertiam
611 2592 765 2678 duplicem
792 2596 828 2652 Ψ
852 2613 946 2676 quam
976 2589 1091 2657 Graeci
1118 2588 1274 2654 habebant
1298 2592 1331 2654 in
1352 2591 1468 2656 Roma-

252 2729 363 2771 narum
384 2707 541 2770 literarum
562 2727 726 2770 numerum
747 2705 919 2770 adsciscere
940 2703 1082 2770 Claudio'
1099 2703 1198 2766 visum
1226 2714 1280 2768 est.
1321 2705 1468 2770 Alteram

252 2823 404 2886 rationem
431 2844 450 2884 a
477 2820 637 2885 Prisciano
665 2821 800 2885 adlatam
827 2819 912 2904 quod
945 2817 1059 2882 ‘multo
1087 2818 1262 2883 molliorem
1288 2828 1319 2883 et
1346 2820 1467 2884 volubi-

251 2936 362 3000 liorem
389 2957 498 3000 sonum
532 2940 568 2995 Ψ
583 2935 713 3000 haberet
740 2955 835 3018 quam
861 2931 916 2998 ΡΒ
936 2932 987 2996 vel
1008 2931 1079 2998 BS’
1105 2954 1156 2998 me
1183 2933 1283 2997 fateor
1307 2955 1371 2998 non
1399 2955 1469 2998 esse

251 3051 445 3132 adsecutum,
466 3060 496 3114 et
515 3049 636 3114 videtur
649 3047 798 3113 Prisciani
820 3056 1043 3128 commentum,
1065 3069 1139 3110 nam
1159 3047 1191 3108 in
1207 3046 1306 3128 Ἄψος
1327 3049 1466 3134 ‘Apsus'

252 3171 282 3230 'et
310 3162 463 3246 ἇψίνθιον
490 3163 708 3228 ‘absinthium’
741 3163 809 3249 quis
837 3161 951 3226 diversi
977 3162 1046 3226 soni
1074 3183 1210 3247 unquam
1238 3161 1333 3228 fuisse
1361 3163 1467 3227 credet

257 3285 293 3340 Ψ
308 3287 338 3344 et
358 3275 411 3345 Ps
432 3277 484 3342 vel
504 3275 582 3343 BS?

335 3393 498 3472 Quaenam
520 3391 670 3457 Claudius
691 3391 787 3456 verba
814 3413 896 3456 nova
917 3391 977 3455 hac
1003 3391 1092 3456 litera
1120 3391 1213 3456 scribi
1241 3391 1374 3455 voluerit
1393 3414 1466 3455 oum

251 3507 442 3593 quaerimus,
464 3529 528 3571 non
547 3503 601 3572 PS
615 3505 708 3570 modo
730 3505 814 3570 vocis
835 3507 902 3570 vice
922 3506 1086 3592 antisigma
1106 3507 1245 3569 functum
1267 3527 1332 3570 esse
1353 3527 1465 3570 censeo

250 3623 305 3686 sed
326 3621 418 3686 etiam
439 3617 510 3702 BS,
538 3642 632 3704 quam
660 3620 701 3683 ad
721 3620 903 3684 sententiam
925 3618 1133 3686 Schneiderus
1154 3642 1279 3706 quoque
1299 3630 1464 3706 grammat.

250 3737 303 3800 lat
330 3735 349 3799 I
374 3757 404 3822 p.
425 3736 487 3799 219
513 3755 546 3799 se
567 3733 734 3798 inclinavit.
777 3733 851 3798 Nou
872 3733 997 3818 quidem
1016 3735 1110 3800 mirer
1131 3735 1157 3798 si
1175 3735 1244 3819 quis
1265 3757 1284 3800 e
1302 3735 1462 3820 Prisciano

250 3851 378 3936 colligat
402 3845 457 3914 BS
482 3849 552 3913 voci
576 3847 740 3933 antisigma
768 3870 832 3912 non
861 3847 1003 3912 serviisse
1030 3849 1104 3912 ‘nisi
1131 3849 1165 3911 in
1185 3849 1248 3914 fine
1271 3848 1463 3930 nominativi,

250 3965 335 4029 euius
355 3963 517 4050 genetivus
540 3963 570 4026 in
593 3963 639 4026 bis
668 3963 794 4044 desinit,
824 3972 857 4026 ut
885 3963 958 4027 urbs
986 3963 1070 4027 urbis
1078 3963 1096 4044 ’,
1121 3964 1266 4049 quoniam
1294 3985 1359 4026 non
1386 3962 1463 4026 alias

250 4080 382 4143 debeant
401 4101 459 4164 pro
486 4081 522 4138 Ψ
544 4078 620 4163 poni
646 4076 701 4144 ΒΞ
728 4078 762 4141 in
789 4078 897 4143 eadem
918 4077 1040 4162 syllaba
1060 4077 1248 4142 coniunctae.
1290 4079 1337 4143 At
1354 4080 1464 4163 inepti-

249 4193 330 4258 visse
350 4191 527 4257 Priscianus
546 4191 667 4256 videtur
687 4215 757 4257 cum
779 4214 843 4256 non
863 4191 897 4255 in
916 4192 1022 4256 ‘urbs‘
1044 4201 1074 4256 et
1094 4192 1245 4256 ‘caelebs'
1266 4201 1297 4256 et
1310 4192 1462 4256 similibus

248 4316 384 4388 tantum,
415 4328 525 4372 verum
556 4307 648 4371 etiam
675 4307 708 4368 in
736 4306 821 4370 ‘abs’
849 4315 881 4370 et
913 4306 1100 4370 ‘abscondo'
1136 4316 1166 4370 et
1199 4305 1231 4370 id
1266 4328 1365 4392 genus
1393 4306 1463 4370 aliis

251 4419 407 4485 vocabulis
431 4421 460 4485 B
483 4429 513 4484 et
535 4417 559 4486 S
585 4443 648 4486 una
676 4421 797 4506 syllaba
825 4420 982 4507 copulatas
1011 4425 1047 4480 Ψ
1071 4419 1139 4485 voci
1167 4421 1361 4505 respondisse
1386 4419 1463 4484 inde

249 4533 339 4598 liceat
361 4535 532 4599 coniectare
553 4536 637 4620 quod
665 4535 752 4620 ‘aps'
774 4544 804 4599 et
825 4534 1013 4622 ‘apscondo'
1040 4544 1070 4598 et
1091 4534 1266 4600 huiusmodi
1293 4535 1462 4620 scripturas
