3100 5268
681 336 778 436 ιι,

574 427 764 436 -——--—-
779 427 830 432 =.---

90 551 220 614 virtute'
242 558 273 614 et
290 553 341 614 ‘nt
358 550 391 612 in
411 570 448 614 eo
470 549 554 635 quod
575 557 621 612 est
641 547 750 632 lugere
770 547 923 612 seribere!
963 548 1086 632 Atquin
1113 549 1252 635 ‘lugere'
1275 558 1305 614 ot

90 663 259 734 ‘scribere’
288 665 459 728 secundum
486 661 581 728 latum
612 662 719 726 literae
747 683 858 725 sonum
893 661 1130 726 enuntiabantur
1160 685 1219 728 nec
1248 683 1304 750 per

90 797 210 842 novam
230 777 350 842 literam
371 777 573 844 Claudianam
600 777 820 840 scribebantur.
868 774 978 860 Itaque
1000 791 1057 861 pro
1086 777 1171 840 ‘viro
1193 786 1224 840 et
1244 777 1303 840 vir-

90 893 176 958 tute‘
195 893 352 956 vocabulis
375 914 456 977 quae
474 892 566 957 Velio
593 890 716 976 quidem
744 891 925 976 ambiguum
950 890 1069 954 interl
1089 899 1120 954 et
1142 891 1171 954 V
1192 909 1303 956 sonum

89 1007 211 1070 habere
230 1007 414 1072 videbantur
433 1027 471 1070 ea
490 1015 611 1092 oportet
630 1005 828 1068 minanam
849 1025 929 1089 quae
948 1006 1117 1069 seeundum
1135 1006 1303 1070 exilitatem

88 1119 237 1184 Iliterae
257 1130 288 1184 et
309 1121 478 1184 seeundum
497 1118 743 1206 pinguitudinem
765 1118 796 1182 V
817 1119 923 1182 literae
943 1120 1099 1183 enuntiata
1117 1120 1186 1184 sint
1223 1121 1303 1186 Tota

88 1235 190 1320 igitur
207 1236 304 1300 verba
325 1235 456 1300 Veliana
476 1257 539 1300 non
568 1235 710 1299 omnibus
736 1241 867 1319 purgata
889 1233 1133 1318 corruptelarum
1159 1234 1302 1298 sordibus

88 1363 161 1416 esse
179 1369 288 1414 verum
314 1349 472 1435 aliquanto
499 1358 602 1414 tamen
631 1347 819 1414 emendatius
846 1347 890 1410 sic
914 1347 979 1431 legi
1004 1346 1105 1411 iudico
1133 1347 1232 1412 ‘unde
1252 1348 1300 1412 Ti.
1374 1355 1376 1362 ’

89 1464 243 1530 Claudius
263 1486 377 1528 novam
391 1463 545 1548 quandam
567 1462 688 1526 literam
703 1459 889 1546 excogitavit
908 1461 1040 1526 similem
1061 1461 1089 1526 ei
1103 1469 1195 1526 notae
1209 1483 1302 1547 quam

87 1601 150 1664 pro
177 1579 363 1664 aspiratione
383 1557 503 1643 ¹(irasci
531 1586 667 1663 ponunt,
693 1597 750 1662 per
778 1596 870 1660 quam
886 1575 1111 1658 scriberentur
1127 1599 1181 1641 eae
1210 1599 1301 1642 voces

87 1711 173 1778 quae
190 1713 292 1778 neque
309 1692 482 1757 seeundum
501 1691 668 1756 exilitatem
694 1691 714 1754 Ι
733 1691 842 1754 literae
868 1706 970 1774 neque
991 1691 1161 1756 secundum
1180 1691 1301 1778 pingui·

85 1808 229 1872 tudinem
248 1808 279 1872 V
299 1807 407 1872 literae
426 1816 572 1872 sonarent
597 1809 685 1870 utin
712 1804 762 1892 [eo
782 1805 868 1889 quod
888 1813 934 1869 est
952 1805 1032 1869 bibit
1049 1805 1174 1894 pudetl,
1201 1823 1301 1892 neque

84 1941 196 1986 rursus
216 1921 386 1984 sennodum
413 1920 509 1986 latinu
536 1922 642 1986 literae
667 1941 778 1984 sonum
798 1919 1029 1984 enuntiarentur
1049 1929 1084 1984 ut
1101 1921 1134 1983 in
1154 1939 1191 1984 eo
1214 1921 1299 2006 quod

83 2046 135 2100 est
156 2036 264 2121 lugere
287 2035 441 2100 seribere?

88 2208 100 2228 .,
171 2151 314 2237 Apparet
341 2149 435 2234 igitur
461 2167 479 2214 e
504 2147 588 2212 Velii
613 2148 716 2212 verbis
746 2169 860 2212 novam
887 2168 980 2233 quam
1007 2147 1157 2213 Claudius
1182 2150 1300 2214 invenit

84 2265 208 2327 literam
228 2264 339 2330 madiis
357 2263 530 2328 inserviisse
559 2263 639 2326 inter
666 2261 684 2324 Ι
706 2271 737 2326 et
758 2263 787 2327 V
810 2263 937 2326 vocibus
964 2283 1044 2346 quae
1069 2283 1171 2348 neque
1192 2286 1300 2328 seeun-

86 2380 164 2442 dum
185 2378 352 2442 exilitatem
372 2378 392 2442 Ι
416 2378 524 2441 literae
549 2397 650 2462 neque
673 2376 842 2442 secundum
868 2376 1115 2462 pinguimdinem
1143 2377 1174 2441 V
1193 2378 1300 2443 literae

85 2515 190 2579 neque
211 2493 380 2558 seeimdum
399 2491 497 2556 latum
516 2491 534 2554 Ι
554 2501 607 2554 ant
626 2492 657 2555 V
678 2491 793 2555 vocalis
816 2513 928 2555 sonum
949 2491 1194 2556 enuntiabantur.
1215 2490 1300 2556 Nam

87 2609 163 2671 satis
184 2607 281 2670 multa
301 2607 384 2694 apud
411 2607 569 2670 Romanos
597 2605 692 2668 verba
714 2609 807 2686 {erant
834 2606 867 2668 in
893 2606 1004 2690 quibus
1030 2605 1051 2669 I
1077 2615 1108 2669 et
1128 2606 1159 2669 V
1177 2607 1299 2670 vocales

86 2743 154 2786 non
174 2741 353 2807 expressum
375 2742 464 2784 auum
486 2741 596 2784 sonum
624 2720 774 2783 haberent
801 2719 857 2782 sed
883 2723 912 2780 Y
927 2720 1084 2802 Graecae,
1104 2721 1206 2806 qualia
1228 2731 1300 2785 sunt

86 2835 221 2922 optimus
242 2858 266 2897 s.
288 2843 448 2920 optimus,
468 2833 564 2898 libido
586 2855 609 2895 s.
632 2833 755 2914 lubido,
777 2834 929 2898 existimat
942 2855 966 2896 s.
982 2835 1162 2917 existumat,
1183 2835 1317 2922 clipeus,

85 2973 111 3012 s,
141 2950 284 3035 clupeus,
317 2949 385 3012 alia
418 2950 457 3012 of.
485 2949 593 3013 Velius
620 2947 749 3034 Longos
775 2970 806 3033 p.
836 2949 921 3012 2219
947 2947 983 3011 Ρ.
1017 2948 1059 3030 (ν.
1088 2971 1159 3035 pag.
1189 2951 1240 3032 16)
1269 2961 1299 3015 et

85 3063 205 3128 Marius
227 3061 404 3128 Victorinus
426 3084 456 3148 p.
478 3063 560 3126 2465
587 3059 685 3127 ‘Sunt
711 3063 765 3147 qui
790 3062 870 3124 inter
891 3063 922 3126 V
944 3081 1068 3146 quoque
1097 3071 1127 3126 et
1153 3062 1172 3127 Ι
1194 3064 1298 3128 literas

83 3176 380 3264 supputant'deesse
398 3176 488 3240 nobis
509 3197 615 3258 voees,
644 3176 699 3240 sed
726 3176 870 3262 pinguius
891 3177 1040 3261 quaml,
1070 3178 1179 3241 exilius
1205 3201 1298 3264 quam

85 3292 135 3370 Vq
157 3291 212 3354 sed
231 3311 308 3378 paee
328 3313 435 3354 eorum
456 3290 604 3372 dixerim,
632 3313 695 3354 non
712 3290 829 3354 -vident
863 3289 1026 3353 Yliteram
1048 3291 1231 3356 desiderari:
1254 3293 1298 3356 sie

84 3399 170 3471 e'nim
189 3405 298 3492 gylam
323 3426 481 3492 myserum
500 3405 653 3490 syllabam
673 3423 863 3490 proxymum
884 3403 1026 3468 dicebant
1045 3405 1176 3490 antiqui'
1197 3416 1227 3470 et
1245 3406 1297 3469 alii

84 3519 278 3608 grammatici
306 3542 438 3605 quorum
465 3517 697 3606 diligentissime
726 3517 935 3584 Schneiderus
960 3518 1032 3583 inde
1052 3541 1071 3581 a
1090 3543 1121 3606 p.
1144 3521 1192 3584 19.
1216 3522 1297 3584 testi-

84 3634 190 3698 monia
216 3635 377 3720 congessit.
427 3634 532 3720 Ipsam
564 3643 666 3697 autem
707 3635 735 3693 Y
762 3632 901 3696 vocalem
935 3632 1077 3718 germani
1109 3635 1296 3720 ingenuique

84 3749 219 3814 Romani
246 3751 302 3814 etsi
329 3771 349 3812 a
377 3747 506 3814 Graecis
532 3747 652 3833 quoties
678 3747 805 3811 illorum
831 3747 1006 3812 nominibus
1034 3749 1198 3811 utebantnr
1219 3748 1296 3812 sole

85 3866 160 3928 bant
185 3863 335 3944 mutuari,
367 3862 400 3925 in
425 3861 543 3926 Latinis
570 3872 674 3925 tamen
700 3861 805 3925 uerbis
839 3862 908 3924 loeo
943 3861 971 3924 V
999 3869 1051 3923 aut
1086 3860 1104 3922 I
1137 3862 1295 3926 literarum

84 3979 139 4042 ubi
165 3981 195 4038 Y
208 3978 348 4044 Graecae
369 3997 479 4040 sonum
500 3977 649 4040 haberent
669 3975 743 4062 poni
764 3977 915 4061 quaedam
937 3976 1024 4060 quasi
1043 3974 1154 4059 religio
1175 3976 1296 4040 incessit

84 4092 136 4175 (of.
157 4090 365 4169 Quintilianus
387 4089 456 4154 XII
479 4091 528 4171 10,
555 4091 619 4176 27).
669 4089 738 4154 iam
767 4112 842 4153 vero
865 4087 1012 4154 Claudius
1042 4087 1076 4151 id
1097 4089 1160 4172 egit
1179 4097 1214 4152 ut
1232 4111 1295 4153 me·

85 4205 171 4270 dium
191 4205 274 4271 hune
294 4205 313 4267 I
334 4214 364 4269 et
385 4203 416 4267 V
437 4205 544 4270 literae
565 4205 597 4269 id
619 4213 664 4269 est
691 4207 719 4264 Τ
734 4205 819 4268 vocis
840 4225 952 4266 sonum
971 4203 1023 4287 qui
1045 4209 1110 4265 erat
1130 4203 1162 4265 in
1183 4199 1294 4268 Latino

85 4341 228 4384 sermone
248 4321 386 4406 signaret
412 4329 443 4384 et
468 4319 670 4405 exprimeret,
699 4340 807 4382 verum
836 4339 899 4382 non
927 4320 955 4376 Y
973 4325 1078 4380 notam
1099 4339 1161 4402 qua
1181 4317 1294 4382 Graeci

84 4436 249 4500 utebantur
276 4434 423 4516 servavit,
451 4435 506 4499 sed
532 4453 630 4516 aeque
650 4453 687 4496 ae
707 4427 735 4494 O
759 4432 892 4516 liguram
918 4431 951 4494 in
978 4435 1013 4490 Ψ
1031 4429 1171 4496 Graecae
1192 4432 1295 4496 loeson

84 4549 282 4614 substituerat
307 4570 420 4613 novam
442 4569 521 4633 qnae
553 4550 582 4607 Y
597 4546 737 4611 Graecae
765 4569 821 4632 par
845 4555 925 4610 esset
951 4545 1071 4608 literam
1099 4546 1293 4631 excogitavit.

1109 4644 1129 4705 2
