3100 5268
832 283 852 354 2

716 373 970 382 μ...-

236 498 347 560 artium
369 506 460 582 atquc
480 496 619 560 doctrina
640 496 698 558 sibi
719 495 955 575 constituerunt,
986 493 1133 558 Claudius
1156 495 1290 560 maxime
1312 495 1451 579 Augusti

238 613 360 676 nomine
390 611 586 696 potentiaque
607 610 798 695 imperatoris
826 619 859 672 ut
885 610 1009 672 inventa
1038 632 1092 674 sua
1120 610 1221 695 quoad
1249 619 1394 694 regnaret
1415 609 1451 669 in

237 749 294 789 usu
308 734 409 790 essent
423 725 562 788 obtinuit.
591 724 714 788 Deinde
736 724 808 810 quia
828 723 931 787 multis
948 725 1039 788 rebus
1054 725 1176 810 publice
1190 724 1284 808 gestis
1306 724 1450 786 insanum

237 862 270 903 se
288 839 436 905 Claudius
456 850 486 904 ot
506 847 658 902 amentem
680 838 869 922 praestabat,
891 839 981 900 etiam
1003 859 1038 900 ea
1059 859 1138 922 quaa
1158 838 1238 901 bene
1257 837 1453 920 scienterque

237 955 308 1017 fecit
336 955 611 1018 contemnebantur
638 962 668 1016 ct
684 989 686 994 ·
701 974 758 1038 pro
793 953 890 1015 nihilo
922 951 1120 1016 ducebantur.
1177 952 1259 1014 Tum
1285 952 1451 1035 Augustea

238 1077 335 1132 aetate
355 1068 394 1131 ad
416 1090 482 1132 carn
500 1067 609 1130 Latina
630 1067 737 1152 lingua
755 1065 978 1130 absolutionem
999 1058 1280 1151 perfectionemque
1300 1065 1452 1150 perducta

238 1192 317 1262 erat,
349 1192 384 1244 ut
410 1204 567 1266 nunquam
596 1191 702 1267 postea
730 1178 859 1265 singulis
887 1179 1079 1264 contingeret
1107 1179 1183 1241 viris
1218 1180 1368 1264 gravitate
1397 1178 1451 1241 vel

238 1297 417 1360 auctoritate
443 1295 645 1381 pollentibus,
681 1305 715 1358 ut
748 1295 774 1357 si
801 1315 881 1379 quae
910 1293 1106 1378 corrigebant
1140 1315 1177 1357 ea
1211 1315 1298 1357 more
1324 1301 1452 1378 recepta

239 1411 504 1474 inveterascerent.

296 1565 298 1568 -
323 1523 512 1588 Claudianae
532 1525 689 1587 literarum
711 1524 829 1586 formae
849 1531 1012 1609 postquam
1027 1547 1045 1584 a
1061 1523 1268 1609 superioribus
1281 1521 1452 1609 philologis

236 1637 349 1723 'partim
374 1639 533 1722 neglectae
559 1639 685 1702 omnino
711 1638 821 1723 partim
843 1659 994 1723 perquam
1013 1639 1149 1702 breviter
1170 1637 1347 1723 perstrictae
1368 1645 1451 1715 sunt,

240 1763 274 1814 ut
294 1753 463 1816 accuratius
487 1752 642 1836 aliquanto
665 1753 938 1838 investigarentur,
960 1753 1215 1839 philosophorum
1236 1753 1267 1813 in
1289 1751 1450 1814 Bonnensi

240 1867 396 1928 academia
418 1866 494 1930 ordo
516 1888 615 1952 nuper
635 1868 791 1952 proposita
811 1868 867 1931 ‘dc
888 1867 936 1931 Ti.
951 1866 1082 1932 Claudio
1097 1866 1230 1932 Caesare
1247 1853 1450 1950 grammatico

241 1990 271 2042 et
291 1981 478 2065 antiquario'
507 1981 686 2066 quaestione
712 1991 820 2044 auctor
845 1982 916 2046 fuit..
963 1969 1058 2045 Cuius
1087 1980 1254 2044 solvendae
1278 1980 1450 2066 periculum

241 2095 376 2158 facturus
391 2115 483 2178 quem
498 2093 639 2158 libellum
654 2094 836 2180 conscripsi,
859 2117 929 2158 eum
948 2103 1072 2159 ornatus
1086 2095 1223 2180 praemio
1238 2095 1291 2175 sit,
1312 2096 1451 2158 emittere

240 2209 378 2272 nuncin
397 2208 509 2293 vulgus
530 2229 567 2272 eo
596 2207 697 2271 minus
718 2208 841 2289 dubito,
866 2209 951 2292 quod
976 2209 1104 2272 fortasse
1130 2208 1262 2272 aliorum
1289 2210 1341 2292 qui
1369 2209 1452 2272 cirea

240 2323 473 2409 grammaticam
501 2330 531 2383 et
566 2321 796 2408 epigraphicam
829 2332 910 2387 artes
944 2332 1106 2386 versantur
1142 2321 1243 2388 studia
1276 2323 1452 2403 concitabit,

242 2439 353 2524 quibus
373 2445 407 2499 ut
429 2437 467 2500 ab
489 2436 573 2500 omni
594 2445 682 2521 parta
702 2457 751 2500 res
771 2437 959 2521 transigatur
988 2458 1064 2523 opus
1086 2447 1139 2500 est.
1189 2435 1300 2523 Siquid
1322 2459 1396 2502 varo
1418 2437 1452 2499 in

242 2552 301 2617 hoc
322 2550 428 2614 libello
447 2551 522 2614 boni
542 2549 637 2630 inest,
664 2550 696 2613 id
725 2572 817 2614 omne
841 2551 989 2636 profiteor
1016 2550 1175 2614 Friderioo
1203 2530 1259 2615 mc*
1279 2551 1453 2616 Ritschelio

242 2667 371 2746 debere,
393 2664 444 2748 qui
466 2686 537 2728 oum
558 2686 632 2727 sana
652 2664 811 2751 disciplina
839 2666 1039 2750 grammatica
1065 2664 1240 2729 huiusmodi
1268 2675 1455 2750 argumenta

243 2803 304 2866 qua
329 2779 448 2844 ratione
474 2779 633 2843 tractanda
659 2780 761 2844 forent
789 2802 839 2843 me
867 2778 1044 2860 inst'tuerit,
1072 2787 1138 2842 tum
1165 2780 1275 2844 idonea
1302 2780 1342 2843 ad
1369 2780 1454 2842 hanc

242 2895 340 2981 ipsam
362 2893 571 2979 quaestionem
592 2893 726 2957 subsidia
745 2895 880 2980 benigna
900 2893 975 2956 mihi
996 2892 1178 2958 liberalitate
1197 2894 1452 2958 accommodavit.
