3100 5268
736 296 995 397 *L

262 506 436 592 exprimere
457 506 604 589 voluisse,
627 529 688 592 qua
708 507 858 572 sententia
877 513 1000 590 practer
1020 505 1095 570 alios
1117 507 1211 572 luisse
1229 507 1367 574 Zellium
1386 510 1484 574 video

263 620 295 684 in
320 620 489 685 enchiridio
510 621 606 707 epigr.
635 621 726 686 Rom
749 620 785 684 II
806 645 836 707 p.
857 621 928 685 220.
977 619 1053 684 Post
1079 629 1181 686 autem
1209 622 1302 706 aliam
1322 624 1483 688 rationem

264 755 343 820 qnae
366 734 490 820 quidem
511 734 613 799 verior
634 755 700 800 esse
720 736 797 800 mihi
826 735 981 800 videretm
1010 732 1218 812 Quintilianus
1244 736 1336 800 instit.
1360 737 1482 800 orati

264 849 300 931 i,
323 850 362 912 18
382 849 431 914 his
452 847 554 912 verbis
573 849 778 934 suppeditavit
805 849 882 914 ‘Au
909 848 1063 934 syllabam
1090 848 1175 913 cuius
1202 851 1370 916 secundam
1394 874 1482 916 nunc

262 960 291 1026 ii
317 963 460 1048 ponimus
491 962 575 1026 varie
594 983 651 1048 per
677 965 712 1027 A
738 971 768 1028 et
794 964 812 1027 I
838 964 1023 1045 efferebant,
1059 961 1216 1046 quidam
1247 984 1403 1052 semper
1441 976 1481 1029 ut

263 1074 424 1158 Graeci,
446 1076 573 1161 quidam
588 1076 784 1162 singulariter
804 1085 924 1142 motum
944 1097 1015 1140 cum
1033 1076 1066 1139 in
1081 1075 1218 1140 dativum
1231 1077 1281 1140 vel
1301 1076 1480 1162 genitivum

264 1213 369 1256 casum
387 1190 565 1255 incidissent
584 1190 667 1254 unde
691 1191 783 1277 pictai
803 1191 895 1256 vestis
917 1200 947 1256 et
967 1191 1059 1276 aquai
1073 1189 1230 1275 Vergilius
1247 1191 1480 1258 amantissimus

264 1305 420 1372 vetustatis
442 1305 627 1370 carminibus
649 1305 794 1372 inseruit!
834 1303 988 1372 Graecam
1008 1303 1148 1388 linguam
1171 1325 1286 1390 magna
1307 1304 1479 1370 Claudium

264 1417 467 1484 admiratione
481 1419 652 1485 celebrasse
666 1430 697 1484 et
713 1416 878 1486 Suetonius
897 1419 987 1485 docet
1009 1417 1057 1484 Ol.
1073 1417 1169 1482 XLII
1182 1441 1228 1505 pr.
1252 1417 1299 1483 ‘N
1300 1440 1336 1484 ec
1353 1419 1480 1484 minore

263 1554 338 1596 cura
364 1531 487 1598 Graeca
514 1534 615 1599 studia
646 1543 766 1599 secutus
794 1543 840 1599 est
866 1545 1017 1598 amorem
1037 1533 1315 1619 praestantiamque
1348 1532 1479 1618 linguae

264 1646 424 1712 occasione
457 1647 541 1711 omni
574 1648 729 1734 professus
758 1670 784 1713 e.
813 1627 905 1733 q.'s.’
933 1654 963 1713 et
990 1668 1090 1712 novae
1117 1655 1179 1712 tres
1214 1646 1321 1712 literae
1352 1669 1432 1733 quas
1461 1672 1479 1711 a

265 1757 393 1825 Graecis
415 1770 603 1848 sumpserat,
629 1783 740 1850 nempe
761 1761 918 1848 digamma
939 1761 1145 1828 Claudianum
1167 1759 1308 1827 Graecae
1328 1761 1370 1842 ii,
1400 1761 1478 1824 anti-

264 1873 363 1959 sigma
385 1871 526 1940 Graeeae
551 1880 598 1957 Ψ,
619 1875 740 1940 tertiam
763 1875 785 1939 i
805 1875 926 1940 literam
941 1875 1082 1942 Graecae
1108 1880 1137 1937 Y
1151 1875 1338 1963 respondere
1360 1897 1479 1961 cogno

265 1987 373 2052 vimus
406 1989 492 2066 Quid
512 1991 606 2077 igitur
626 1990 693 2056 veri
712 1997 814 2076 potest
835 1989 962 2054 similius
984 2011 1051 2054 esse
1072 2011 1165 2075 quam
1186 1998 1329 2075 quartam
1351 2011 1479 2076 quoque

162 2131 168 2139 ·
264 2101 423 2166 inventum
458 2125 476 2169 e
508 2104 631 2171 Graeca
661 2104 768 2189 lingua
799 2102 965 2169 Caesarem
996 2104 1196 2191 repetivisse?
1249 2104 1371 2189 Atquin
1407 2127 1478 2169 eam

265 2239 374 2282 vocem
402 2239 495 2303 quam
522 2219 691 2284 coniunctis
718 2218 752 2282 A
774 2215 852 2282 etE
880 2216 977 2281 literis
1003 2217 1106 2282 Latini
1133 2219 1331 2285 declarabant
1358 2217 1477 2283 Gracci

264 2330 326 2394 iam
348 2332 513 2416 antiquitus
534 2333 567 2396 A
588 2342 618 2398 et
637 2333 655 2398 Ι
676 2330 833 2396 vocalibus
855 2331 1077 2418 exprimebant.
1102 2334 1141 2398 cf.
1161 2333 1352 2399 Mehlhornii
1371 2355 1478 2418 gram-

266 2444 377 2509 matica
398 2467 511 2531 graeca
530 2445 572 2530 (a.
595 2446 688 2532 1845)
710 2468 740 2532 p.
761 2445 812 2508 22.
855 2444 927 2522 Qua
947 2468 982 2510 re
1003 2445 1134 2512 Graecis
1155 2447 1323 2513 Claudium
1342 2469 1477 2532 quorum

264 2560 417 2646 potiorem
432 2561 582 2645 linguam
605 2559 930 2646 praestabiliorcmque
956 2561 1089 2626 habebat
1116 2561 1289 2626 auctoribus
1312 2583 1402 2625 usum
1424 2562 1476 2626 Al

265 2673 388 2760 syllaba
415 2682 449 2738 ut
474 2697 532 2761 pro
569 2675 603 2739 A
635 2682 665 2739 et
698 2672 727 2737 Ε
759 2672 856 2737 literis
891 2674 1074 2740 scriberetur
1107 2676 1299 2763 praecepisse
1326 2676 1474 2762 suspicor.

264 2787 431 2874 Potestque
451 2796 485 2852 ut
507 2787 714 2866 Quintilianus
742 2788 882 2874 ‘quidam
908 2808 1030 2875 semper
1056 2798 1090 2852 ut
1116 2787 1230 2855 Graeci
1258 2787 1330 2875 [ni]
1356 2811 1412 2876 per
1442 2792 1474 2854 A

264 2911 296 2967 et
322 2902 341 2966 Ι
369 2903 566 2992 efferebant]'
592 2903 694 2990 ipsum
720 2902 781 2973 hoc
807 2900 931 2967 Claudii
952 2902 1112 2972 inventum
1139 2903 1172 2965 in
1192 2902 1302 3002 ⁸animo
1323 2902 1473 2968 habuerit.

265 3013 389 3082 Tacitis
416 3038 491 3081 vero
526 3026 556 3081 et
591 3014 757 3084 Suetonius
792 3016 875 3102 quod
901 3037 965 3080 non
998 3017 1187 3082 mentionem
1215 3017 1274 3081 nisi
1308 3018 1348 3081 de
1376 3017 1473 3082 tribus

264 3130 403 3195 fecerunt
423 3131 581 3195 literarum
600 3129 707 3195 formis
728 3156 747 3194 a
768 3129 898 3196 Claudio
919 3131 1065 3214 inventis,
1084 3131 1117 3194 id
1136 3131 1252 3195 nemini
1267 3141 1341 3218 puto
1361 3131 1473 3194 mirum

265 3244 341 3308 fore.
371 3244 454 3311 Nam
473 3267 569 3310 novas
589 3267 716 3333 prorsus
737 3245 965 3329 insolentesque
986 3245 1013 3308 d
1033 3226 1061 3310 '0
1084 3245 1109 3308 i
1128 3223 1232 3309 literas
1251 3218 1401 3310 notabiles
1420 3247 1472 3310 ha-

264 3359 398 3424 buerunt
419 3360 591 3447 dignasque
611 3361 753 3441 historia,
774 3359 978 3444 neglexerunt
994 3357 1044 3422 AI
1061 3359 1290 3446 diphthongum
1309 3385 1328 3423 a
1343 3359 1472 3425 Claudio

265 3473 422 3538 inductam
440 3485 545 3564 utpote
568 3499 647 3562 quae
667 3484 698 3540 et
721 3482 793 3538 ante
820 3481 850 3538 et
875 3481 946 3557 post
967 3471 1172 3538 Claudianam
1197 3481 1328 3538 aetatem
1352 3472 1471 3560 saepius

265 3598 473 3676 usurparetur.

341 4389 464 4434 iiciioua
478 4389 568 4434 huius
580 4391 841 4436 commentationis
854 4392 953 4444 capita
966 4391 1106 4443 quattuor
1124 4389 1229 4442 quihus
1244 4389 1465 4433 Claudianorum

267 4473 454 4516 inventorum
466 4472 615 4517 limitatur
625 4484 696 4518 usus
709 4475 942 4525 consignataque
954 4473 1052 4517 literis
1061 4473 1175 4517 claudii
1186 4475 1377 4516 monumenta
1389 4472 1465 4516 omn-

150 4603 154 4614 „
268 4557 377 4604 guntur
391 4556 561 4608 propediem
575 4556 653 4606 apud
665 4555 821 4600 librarium
838 4556 963 4602 eundem
977 4554 1229 4600 Eiberieiiionscm
1243 4554 1377 4600 edentur.
