3100 5268
598 307 857 404 wlff„

120 520 289 586 siodorium
310 543 339 606 p.
356 521 438 584 2282
460 519 533 582 ‘Est
548 519 697 604 quaedam
720 519 808 582 litera
829 518 861 580 in
878 517 905 582 F
920 518 1027 582 literae
1047 517 1180 605 speciem
1201 519 1334 604 figurata

121 655 202 720 quae
223 635 378 720 digamma
399 634 591 714 nominatur,
616 651 699 718 quae*
711 633 788 696 duos
803 633 905 719 apices
920 655 958 696 ex
977 655 1102 718 gamma
1117 631 1205 695 litera
1218 632 1333 694 habere

120 748 252 812 videtur.
295 747 350 810 Ad
377 747 468 810 buius
490 747 720 810 similitudinem
738 748 805 810 soni
831 748 929 811 nostri
949 748 1126 811 coniunctas
1147 746 1269 811 vocales
1290 745 1332 809 di-

120 883 269 947 gammon
287 861 443 947 appellare
457 862 621 934 voluerunt
641 871 674 924 ut
696 869 741 924 est
762 870 888 925 uotum
909 861 1032 948 uirgo.
1058 863 1161 946 itaque
1181 863 1213 924 in
1234 861 1333 946 prima

120 975 243 1062 syllaba
264 976 421 1062 digamma
442 987 473 1040 et
493 977 632 1040 vocalem
652 976 786 1062 oportuit
806 977 894 1061 poni,
925 975 1057 1040 Fctum
1085 976 1220 1061 Firg0,
1249 975 1332 1060 quod

121 1098 153 1153 et
178 1089 273 1154 Aeoli
301 1091 440 1154 fecerunt
467 1097 497 1154 et
523 1091 641 1175 antiqui
674 1090 771 1154 nostri
803 1091 880 1153 siout
910 1091 1061 1176 scriptura
1088 1089 1119 1150 in
1149 1089 1332 1175 quibusdam

120 1203 233 1267 libellis
255 1190 399 1268 declarat.
442 1203 534 1268 Hanc
558 1205 679 1268 literam
700 1203 863 1267 Terentius
884 1203 986 1267 Varro
1016 1205 1089 1266 dum
1119 1205 1184 1266 vult
1207 1206 1331 1268 demon-

119 1326 219 1381 strare
239 1319 282 1380 ita
303 1317 464 1404 perscribit
479 1317 588 1398 VAV3
610 1319 663 1401 qui
682 1339 758 1402 ergo
778 1317 811 1380 in
835 1317 892 1379 hac
912 1317 1033 1403 syllaba
1055 1340 1148 1382 sonus
1169 1326 1228 1399 est,
1250 1317 1344 1380 idem'

119 1429 228 1496 literae
250 1432 316 1496 erit.
358 1432 425 1495 Nos
445 1432 539 1496 hodie
561 1432 590 1496 V
612 1432 731 1495 literam
760 1430 791 1492 in
821 1431 950 1496 duarum
972 1431 1131 1495 literarum
1151 1440 1330 1516 potestatem

119 1547 295 1632 coegimus,
327 1567 398 1609 narn
431 1547 525 1610 modo
559 1569 616 1632 pro
651 1546 807 1631 digamma
841 1547 984 1609 scribitur
1011 1545 1105 1610 modo
1138 1567 1196 1631 pro
1222 1545 1329 1608 vocali.

120 1661 235 1725 vocalis
264 1670 310 1724 est
334 1683 405 1724 cum
433 1660 499 1746 ipsa
525 1682 584 1746 per
618 1682 652 1724 se
678 1670 722 1724 est
753 1661 826 1744 (hoc
854 1661 936 1724 enim
970 1683 1039 1724 cum
1073 1661 1181 1724 ceteris
1208 1681 1331 1744 quoque

119 1774 278 1839 vocalibus
300 1777 434 1860 patitur).
465 1775 491 1838 si
518 1797 587 1838 cum
612 1775 673 1838 alia
698 1774 813 1856 vocali,
843 1775 999 1859 digamma
1025 1784 1071 1838 est
1094 1795 1173 1859 quae
1193 1783 1239 1838 est
1259 1797 1330 1838 con-

119 1911 233 1952 sonans
255 1911 282 1952 e.
305 1911 335 1974 q.
357 1890 391 1952 s’
438 1887 490 1952 Ex
519 1889 567 1951 his
594 1889 670 1952 locis
699 1889 813 1974 quippe
841 1889 893 1972 qui
923 1889 962 1952 ad
992 1887 1198 1953 Claudianum
1224 1911 1331 1952 omnes

119 2004 279 2067 inventum
306 2003 461 2088 pertinere
487 2026 550 2066 non
577 2013 717 2089 possent,
745 1999 954 2068 Schneiderus
978 2003 1180 2088 ddigamma
1206 2001 1332 2092 collegit

118 2126 191 2182 ante
213 2117 379 2182 Claudium
398 2118 557 2182 exstitisse.
600 2117 799 2202 Quamquam
826 2117 908 2181 enim
934 2119 1128 2203 grammatici
1154 2118 1197 2180 ita
1225 2118 1330 2203 loque·
1441 2193 1445 2200 ι

119 2240 243 2312 rentur,
279 2232 366 2316 quasi
397 2231 425 2295 F
458 2231 547 2296 litera
573 2231 603 2295 V
631 2233 827 2295 consonantis
855 2233 954 2296 vicem
980 2232 1193 2318 praestitisset,
1227 2241 1329 2294 tamen

119 2347 268 2432 quoniam
288 2355 360 2410 tunc
382 2347 412 2410 V
434 2354 465 2410 et
485 2345 513 2409 F
540 2367 631 2410 voces
651 2354 842 2431 permutatae
868 2347 948 2410 inter
969 2368 1001 2410 se
1021 2347 1124 2411 forent
1144 2347 1235 2409 etiam
1256 2349 1330 2408 istos

118 2461 251 2545 figuram
289 2460 446 2548 cogitasse
476 2459 631 2525 inversam
665 2470 695 2525 et
725 2483 783 2546 pro
818 2459 964 2524 serFus
998 2459 1154 2545 Fulgus
1186 2460 1329 2524 DaFus

118 2573 261 2638 Fotum
289 2574 414 2659 Firgo
441 2595 507 2638 esse
533 2573 681 2637 serdus
712 2583 768 2638 cet.
798 2575 961 2639 scribenda
987 2575 1094 2640 videri.
1144 2577 1191 2638 At
1211 2583 1329 2638 veteres

117 2687 336 2774 grammaticos
361 2710 471 2774 parum
500 2685 710 2754 Schneiderus
733 2688 899 2770 intellexit,
928 2710 998 2752 cum
1026 2711 1105 2775 quae
1127 2689 1224 2754 verba
1248 2691 1329 2775 apud

117 2802 188 2865 illos
212 2812 283 2866 sunt
303 2803 351 2865 ‘V
373 2802 552 2888 digammon
571 2803 674 2867 sonat'
695 2802 746 2866 vel
767 2803 814 2866 ‘V
828 2803 934 2866 literae
952 2803 1025 2866 item
1041 2803 1198 2895 digamma
1218 2804 1329 2867 ascribi

117 2917 212 2980 solet’
233 2917 284 2980 vel
305 2917 374 2982 ‘alii
394 2917 438 2980 sic
459 2917 569 2982 volunt
589 2937 655 2981 esse
677 2916 869 3002 digammon’
889 2916 940 2981 vel
962 2917 1087 2998 similia,
1116 2917 1158 2981 eis
1180 2917 1264 2981 aliud
1286 2919 1329 2980 nil

117 3031 286 3116 significari
306 3041 453 3117 appareat
474 3031 532 3093 nisi
554 3030 601 3094 ‘V
622 3031 711 3094 litera
732 3031 806 3094 item
828 3052 1000 3094 consonans
1022 3033 1084 3096 est¹
1126 3034 1233 3116 Atque
1254 3033 1329 3096 Dio·

117 3145 222 3209 medes
243 3145 386 3210 Donatus
408 3144 565 3211 Cornutus
591 3167 661 3209 cum
684 3145 823 3209 serFus
850 3144 1005 3230 Fulgus
1027 3155 1083 3210 cet.
1106 3147 1276 3211 scriberent
1296 3148 1329 3211 id

117 3269 249 3344 egerunt
268 3268 303 3322 ut
323 3260 355 3320 in
374 3259 550 3324 huiusmodi
570 3259 728 3324 vocabulis
755 3260 785 3323 V
808 3259 929 3323 literam
956 3260 1086 3324 eandem
1112 3283 1239 3347 prorsus
1265 3261 1329 3325 vim

117 3374 232 3437 habere
259 3372 462 3458 explanarent
496 3396 589 3460 quam
622 3374 706 3461 apud
734 3372 872 3439 Graecos
903 3373 931 3438 F
967 3375 1132 3460 digamma.
1182 3375 1329 3440 Ceterum

117 3486 327 3552 Schneiderus
357 3485 488 3552 Cornuti
515 3488 617 3551 verbis
644 3487 779 3552 maxime
813 3489 896 3552 hisce
929 3488 1051 3552 videtur
1082 3488 1227 3575 deceptus
1261 3513 1328 3554 esse

116 3601 233 3686 ‘itaque
247 3603 279 3664 in
294 3602 394 3686 prima
408 3601 530 3686 syllaba
544 3601 700 3686 digamma
720 3611 750 3666 et
769 3603 908 3667 vocalem
929 3603 1062 3688 oportuit
1082 3603 1172 3688 poni,
1192 3604 1327 3668 Fctum

115 3715 144 3778 F
151 3715 260 3800 irgo,
289 3716 374 3801 quod
395 3724 425 3779 et
444 3715 538 3779 Aeoli
558 3717 697 3780 fecerunt
718 3724 748 3779 et
768 3716 885 3800 antiqui
907 3716 1004 3779 nostri
1024 3717 1103 3780 siout
1123 3718 1274 3804 scriptura
1295 3719 1326 3781 in

115 3829 299 3914 quibusdam
319 3828 431 3892 libellis
453 3829 613 3910 declarat’,
635 3828 783 3914 equibus
806 3831 948 3914 equidem
970 3854 1032 3894 non
1053 3831 1152 3895 efficio
1174 3833 1235 3894 iam
1256 3841 1327 3894 ante

115 3943 282 4009 Claudium
303 3943 436 4008 dotum
457 3950 487 4006 et
509 3941 625 4028 dirgo
647 3943 760 4030 scripta
781 3965 863 4024 esse,
885 3944 940 4007 sed
961 3945 1022 4008 hoc
1041 3946 1158 4031 potius,
1181 3945 1326 4030 antiquis-

115 4058 208 4121 simos
234 4057 362 4122 Latinos
385 4056 414 4120 F
438 4056 528 4121 litera
563 4079 627 4121 non
661 4058 754 4122 modo
783 4057 800 4121 f
823 4081 935 4122 sonum
964 4061 1150 4145 expressisse
1176 4058 1325 4122 Italarum

114 4172 254 4257 gentium
271 4172 431 4257 proprium
448 4171 503 4236 sed
520 4171 611 4234 etiam
632 4193 700 4235 eam
719 4193 827 4237 vocem
845 4196 938 4257 quam
957 4172 1071 4238 Graeci
1088 4173 1115 4236 F
1130 4182 1203 4237 nota
1224 4173 1325 4257 signa-

115 4288 190 4350 bant
210 4297 240 4350 et
259 4286 361 4350 Latini
373 4285 503 4350 Vlitera
523 4287 674 4372 posterius
694 4287 1007 4373 comprehendebant.
1020 4287 1134 4365 ,Quam
1149 4287 1324 4373 opinionem

113 4379 282 4466 manifesto!
296 4401 472 4464 Priscianus
493 4401 511 4463 l
532 4402 569 4482 4,
593 4403 632 4464 12
653 4424 683 4487 p.
707 4402 744 4463 11
768 4401 876 4465 Hertz.
906 4401 1067 4465 confirmat
1094 4405 1102 4438 ‘
1109 4401 1137 4464 F
1158 4400 1324 4464 Aeolicum

114 4516 271 4600 digamma
296 4516 379 4602 quod
406 4515 488 4601 apud
515 4515 741 4600 antiquissimos
768 4516 950 4580 Latinorum
979 4517 1109 4581 eandem
1144 4516 1203 4580 rim
1231 4537 1323 4598 quam
