3100 5268
689 338 799 408 11.

579 425 836 436 -....—....—.-...

97 573 171 616 cum
190 551 402 638 inscriptiones
421 559 452 616 ct
477 549 584 636 optimi
611 550 726 636 quique
753 549 875 614 codices
902 547 1084 614 tradiderint
1104 533 1170 612 tum
1191 557 1310 614 veteres

97 665 292 750 grammatici
314 665 399 730 velut
421 663 545 730 Curtius
561 663 748 728 Valerianus
769 663 852 750 apud
873 661 1104 729 Cassiodorium
1123 686 1154 750 p.
1168 663 1252 728 2289
1272 663 1309 726 Ρ.

96 787 331 866 praeceperunt.
372 779 462 844 Haec
485 778 524 844 de
543 778 572 843 B
594 788 625 842 et
646 776 671 844 S
692 781 724 841 in
753 779 860 843 eadem
882 778 1003 864 syllaba
1025 777 1202 843 coniunctis.
1246 775 1310 843 Sed

97 914 137 956 eo
164 893 431 979 progrediundum
458 902 504 958 ast
531 902 565 956 ut
591 893 695 957 onmia
721 893 816 957 verba
842 893 874 956 in
902 892 1013 976 quibus
1032 892 1061 956 B
1082 901 1112 956 et
1133 889 1156 958 S
1177 893 1310 958 interae

96 1007 263 1072 cohaerent
290 1006 454 1092 antisigma
483 1006 573 1070 litera
600 1005 765 1071 Claudiurn
791 1006 883 1070 scribi
915 1006 1049 1070 voluisse
1078 1007 1307 1071 contendamus.

95 1120 181 1184 Nam
202 1143 273 1186 cum
293 1121 402 1186 eodem
424 1122 508 1186 vocis
529 1142 606 1184 sono
627 1119 682 1186 BS
705 1129 735 1185 et
753 1118 807 1187 PS
828 1119 1101 1207 pronuntiarentur
1114 1120 1165 1202 (cf.
1182 1118 1309 1187 Schnei-

96 1235 191 1300 derus
211 1257 242 1321 p.
261 1235 337 1320 218)
364 1237 552 1302 factumest
583 1243 617 1298 ut
644 1239 771 1321 ‘apsens
801 1234 982 1322 opsequium
1010 1234 1158 1321 supsisto’
1191 1235 1309 1300 formae

94 1359 215 1414 tantum
242 1371 306 1414 non
334 1349 463 1436 perinde
488 1358 580 1434 atque
609 1349 752 1414 ‘absens’
781 1359 838 1413 cet.
864 1349 960 1414 moris
987 1358 1095 1414 essent.
1143 1349 1213 1414 Iam
1235 1372 1308 1416 vero
1385 1376 1391 1386 ·

93 1463 169 1528 illae
195 1464 222 1528 si
249 1465 413 1551 antisigma
446 1464 535 1528 litera
567 1463 834 1550 exprimebantur,
868 1464 900 1527 id
931 1465 1018 1549 quod
1050 1486 1141 1529 nemo
1173 1465 1308 1552 negabit,

94 1600 201 1643 nonne
221 1579 313 1644 etiam
335 1578 461 1642 ‘absens
482 1577 664 1664 obsequium
685 1579 832 1644 subsistc’
854 1579 961 1644 ceteris
977 1578 1135 1644 vocabulis
1154 1601 1232 1664 quae
1252 1601 1309 1666 per

94 1693 125 1758 B
147 1701 178 1758 et
199 1690 223 1759 S
245 1693 421 1756 scribuntur
442 1691 583 1756 omnibus
597 1673 768 1778 'anteigma
788 1691 1047 1769 adhibitumesse
1067 1715 1124 1780 per
1143 1716 1177 1759 se
1198 1693 1308 1758 intelli-

93 1781 206 1894 gitur?
247 1806 362 1885 Quare.
375 1827 415 1870 ne
435 1806 642 1871 necessarium
662 1806 786 1891 quidem
808 1813 854 1872 est
877 1806 919 1871 ad
940 1807 1117 1894 exemplum
1137 1809 1222 1894 quod
1241 1808 1308 1872 imi-

93 1931 176 1986 tatus
198 1921 313 1988 Caesar
341 1931 387 1986 est
414 1921 609 1988 Graecorum
629 1941 800 2006 provocare
820 1921 873 2006 qui
899 1926 936 1982 Ψ
957 1930 1031 1986 nota
1059 1931 1090 1987 et
1113 1921 1176 1988 Bc
1194 1933 1224 1988 et
1245 1923 1310 1988 ΠΟ

93 2059 189 2102 sonos
210 2037 417 2101 declarabant.
1098 2063 1102 2072 ·

177 2149 217 2212 In
245 2149 288 2213 eis
320 2171 399 2234 quae
426 2169 520 2235 supra
548 2149 614 2213 dixi
639 2150 804 2236 antisigma
829 2151 958 2216 alteram
983 2150 1105 2216 literam
1133 2175 1152 2215 a
1175 2151 1307 2218 Claudio

91 2263 300 2350 excogitatam
319 2262 476 2350 appellare
497 2285 560 2328 non
577 2264 730 2346 dubitavi,
753 2285 940 2349 quamquam
961 2265 1051 2330 etde
1071 2267 1198 2331 nomine
1217 2276 1248 2332 et
1268 2269 1308 2333 de

90 2379 197 2464 figura
217 2378 304 2460 (nam
324 2379 401 2442 haec
421 2378 454 2440 in
474 2399 569 2442 unam
592 2378 834 2464 disquisitionem
859 2381 1058 2464 concurrunt)
1086 2381 1233 2446 dissensio
1254 2404 1306 2446 ex·
1391 2442 1393 2446 ,

92 2493 163 2557 orta
184 2501 237 2556 est.
269 2489 515 2578 Schneiderus1)
538 2493 619 2558 enim
640 2515 670 2579 p.
685 2493 706 2558 5
719 2501 783 2558 not.
803 2492 886 2580 apud
898 2493 1092 2558 Priscianum
1113 2495 1306 2580 ‘antisigma‘

91 2607 257 2671 lectionem
285 2615 406 2670 secutus
436 2606 480 2669 sic
504 2606 701 2671 scribendum
736 2628 803 2672 esse
831 2607 960 2672 coniecit
986 2609 1166 2694 ‘antisigma
1192 2607 1220 2675 O
1247 2610 1307 2673 hac

90 2722 209 2806 figura’
230 2718 257 2784 O
279 2729 353 2784 nota
372 2721 406 2782 in
427 2716 479 2786 00
498 2720 581 2806 signi
599 2720 702 2786 locum
723 2721 884 2785 substituta
906 2723 978 2805 quia
998 2720 1052 2788 OO
1069 2723 1161 2788 facile
1182 2745 1252 2788 cum
1273 2723 1306 2788 X

92 2835 183 2899 litera
204 2833 444 2928 confunderetur
469 2842 515 2916 et,
543 2834 628 2920 quod
655 2844 702 2899 est
726 2835 824 2899 maius
848 2834 980 2920 aliquid,
1008 2837 1067 2900 hac
1095 2836 1247 2924 Ofigura
1266 2840 1306 2903 ab

93 2949 217 3014 Isidoro
237 2949 316 3034 orig.
339 2949 358 3014 I
378 2949 435 3030 20,
458 2950 497 3012 11
519 2948 648 3035 aliisque
669 2949 851 3014 doceremur
871 2949 1035 3036 antisigma
1061 2953 1145 3037 apud
1166 2951 1305 3018 Graecos

91 3062 202 3146 fuisse,
231 3063 314 3148 quod
342 3085 398 3127 cur
426 3062 574 3127 Claudius
596 3073 732 3127 mutaret.
755 3063 873 3127 nullam
895 3063 989 3128 fuisse
1016 3086 1163 3130 caussam.
1205 3066 1265 3130 His
1286 3089 1305 3129 a

93 3175 287 3244 Schneidero
314 3177 347 3239 in
374 3176 624 3242 adnotatiuncula
652 3177 855 3243 verecundius
889 3179 1054 3266 propositis
1079 3178 1227 3245 Krehlius
1255 3181 1303 3245 ed.

91 3292 242 3356 Priscian.
263 3292 300 3355 H
321 3292 402 3356 anal.
422 3315 452 3378 p.
475 3293 539 3358 510
560 3300 638 3356 extr.
668 3300 699 3356 et
724 3291 856 3378 Ephem.
882 3291 928 3355 lit.
948 3292 1033 3378 Lips.
1055 3293 1136 3357 1821
1158 3315 1190 3355 n.
1211 3294 1252 3357 62
1273 3316 1303 3380 p.

92 3407 157 3472 496
176 3407 219 3471 ita
232 3406 426 3493 repugnabat
438 3413 473 3468 ut
493 3406 685 3490 ‘antisigma’
707 3406 893 3470 vccabulum
909 3407 994 3492 quod
1006 3407 1039 3470 in
1053 3406 1139 3470 nullo
1153 3407 1304 3472 librorum

92 3543 113 3584 a
134 3543 168 3586 se
186 3521 370 3586 collatorum
395 3520 552 3605 legeretur
577 3519 728 3584 editorum
761 3540 867 3584 errore
892 3519 926 3583 in
956 3520 1106 3584 Prisciani
1133 3520 1304 3585 orationem

92 3635 222 3700 inlatum
243 3655 311 3700 esse
329 3635 533 3700 adseveraret.
575 3634 774 3721 Ipse'autem
795 3656 836 3699 ex
861 3635 1018 3699 ‘antisima
1044 3635 1201 3700 antissima
1227 3635 1304 3698 anti-

91 3751 217 3814 simma'
239 3750 421 3815 lectionibus
440 3751 521 3813 hanc
542 3751 715 3836 expiscabrs
742 3758 787 3814 est
803 3747 953 3830 ,ἇντίσιμα
974 3772 1036 3836 quo
1057 3751 1154 3816 verbo
1175 3772 1214 3815 ex
1236 3748 1304 3812 ἀντί

92 3873 124 3928 et
144 3859 231 3943 σιμός
243 3864 405 3928 vocabulis
421 3864 588 3951 composito
602 3864 735 3950 intelligi
750 3865 817 3928 vult
830 3865 1038 3929 ‘characteres
1052 3865 1303 3929 lunatosaversis
1375 3883 1377 3888 ·

92 3980 237 4043 cornibus
265 3979 468 4066 compositos!
509 3980 613 4064 itaque
640 3975 695 4044 OO
714 3979 849 4064 figuram
877 3981 942 4043 sive
969 3977 1015 4045 Π]
1044 3979 1302 4064 Heidelbergensi

91 4115 149 4158 suo
171 4093 276 4158 codice
298 4091 441 4157 meditem
460 4102 609 4180 tanquam
630 4115 737 4158 veram
756 4092 901 4158 defendit.
943 4094 990 4157 At
1009 4102 1117 4158 contra
1137 4093 1302 4158 Krehlium

138 4273 158 4334 ¹)
176 4278 256 4326 Multo
274 4283 333 4326 ante
350 4278 528 4328 Schneidcrum
545 4292 599 4327 eam
617 4279 782 4327 coniecturam
794 4277 960 4327 mandendus
979 4279 1011 4327 de
1027 4279 1128 4327 Dairval
1146 4283 1302 4340 praeceperat

177 4377 204 4424 in
228 4377 292 4425 libro
320 4377 363 4425 ‘ds
386 4375 486 4426 l’uttlitc
509 4377 552 4426 des
573 4377 690 4439 voyagcs'
715 4393 764 4439 quo
786 4393 831 4442 par
852 4377 967 4426 Iahnium
993 4380 1032 4426 uti
1056 4378 1117 4426 mihi
1145 4378 1217 4425 licuit
1240 4381 1300 4423 tom.

177 4477 201 4524 11
218 4489 244 4538 p.
262 4475 312 4526 134
330 4475 377 4534 (ed.
395 4479 524 4538 Rotomag.
544 4479 633 4540 1727),
655 4479 699 4526 ubi
723 4486 818 4540 praeter
842 4479 928 4542 inepta
950 4481 1029 4528 multa
1047 4493 1109 4540 quae
1128 4479 1215 4528 reterre
1232 4476 1301 4538 piget

178 4589 255 4625 unum
273 4578 318 4624 boc
335 4571 455 4640 reperitur
470 4591 562 4626 verum.
