3100 5268
738 313 992 410 ...„1„l.--.--,

259 526 389 612 Taylori
417 525 616 590 confirmatur
642 524 718 588 haee
745 526 917 592 emendatio
945 526 1037 591 ‘siout
1063 549 1156 614 supra
1189 528 1306 592 loeutus
1339 547 1413 592 sum
1436 528 1480 591 de

259 641 327 704 viro
354 649 384 704 et
412 641 538 720 virtute,
571 637 647 718 ubi'‚
677 659 748 702 nam
784 641 907 726 respicit
939 642 1023 705 haud
1053 643 1146 705 dubie
1173 663 1210 706 oa
1236 641 1366 726 Longus
1397 665 1479 728 quae

258 775 352 840 supra
377 776 407 839 p.
435 753 518 818 2219
545 751 581 816 Ρ.
608 752 728 816 loeutus
755 763 821 818 erat
848 753 944 817 ‘Nam
974 755 1159 840 quibusdam
1189 756 1283 820 literis
1311 755 1479 821 deficimus

259 889 334 953 quas
356 878 460 932 tamen
481 889 574 930 sonus
595 868 812 932 enuntiationis
833 869 981 951 arcessit,
1006 879 1040 934 ut
1068 891 1138 934 eum
1166 870 1294 934 dicimus
1315 872 1479 952 virtutem,

258 991 289 1048 et
308 983 409 1046 virum
429 982 541 1046 fortem
560 981 718 1047 consulem
745 981 923 1070 Seipionem
950 1005 1033 1065 osse,
1060 985 1236 1071 pervenisse
1264 982 1479 1072 [1111801111θί-

258 1096 350 1161 derus
371 1118 401 1182 p.
422 1096 478 1177 21,
500 1095 664 1159 Putsohius
685 1096 857 1185 ‘periisse']
870 1099 945 1162 'fere
963 1099 1003 1162 ad
1022 1119 1111 1162 aures
1131 1099 1328 1186 peregrinam
1348 1099 1478 1163 literam

259 1209 303 1296 [id
324 1219 369 1274 ost
402 1208 618 1298 YGraeoam]
639 1209 795 1276 invenies'
837 1210 927 1276 Idem
959 1211 1115 1298 Taylorus
1149 1216 1266 1297 ‘neque
1299 1213 1477 1276 seeundum

258 1325 426 1390 exilitatem
451 1324 558 1388 literae
583 1345 685 1408 neque
709 1325 879 1390 seeundum
904 1326 1150 1412 pinguitudinem
1178 1326 1299 1391 literae’
1327 1327 1477 1391 verbisI

257 1449 288 1502 et
307 1439 336 1503 V
357 1438 459 1502 literas
481 1437 558 1502 vidit
576 1437 755 1510 inserendas
776 1459 860 1520 esse,
881 1440 936 1504 etsi
957 1460 1068 1526 parum
1081 1448 1164 1504 reete
1186 1444 1261 1505 ‘see
1276 1440 1348 1504 exil.
1362 1439 1478 1504 literae

256 1553 289 1616 Γ
310 1561 341 1616 et
369 1555 441 1616 ‘see
469 1552 554 1638 ping.
583 1551 690 1616 literae
720 1552 765 1617 V‘
791 1553 947 1638 Taylorus
979 1564 1009 1617 et
1037 1551 1245 1620 Schneiderus
1271 1555 1478 1640 seripserunt,

257 1667 404 1752 quoniam
415 1667 488 1730 talia
501 1665 609 1730 Velius
629 1666 672 1730 ita
684 1669 843 1733 consuevit
863 1669 1017 1734 collocare
1037 1668 1071 1732 ‘I
1087 1669 1208 1734 literae’
1230 1678 1260 1733 et
1280 1669 1328 1732 ‘V
1341 1669 1476 1732 literae!

256 1782 423 1847 Praeterea
445 1779 655 1847 Schneiderus
667 1805 705 1868 p.
727 1783 768 1846 22
788 1804 846 1868 pro
868 1783 967 1849 ‘unde
988 1783 1029 1846 sit
1047 1784 1094 1846 ut’
1115 1783 1250 1848 correxit
1271 1783 1334 1846 ‘fit'
1358 1792 1389 1848 et
1413 1805 1477 1870 pro

257 1901 353 1982 ‘quae
373 1918 474 1982 neque
492 1931 533 1942 -
554 1904 665 1960 sonant
685 1917 787 1980 neque
808 1934 848 1944 -
871 1898 1115 1962 enuntiarentur'
1135 1898 1312 1962 ‘sonarent’

338 2009 406 2074 Iam
427 2011 594 2076 levioribus
612 2012 660 2075 bis
682 2012 831 2098 expeditis
852 2011 989 2074 maxima
1009 2021 1055 2076 est
1080 2012 1112 2074 in
1132 2020 1290 2097 postremo
1310 2013 1475 2076 enuntiato

256 2124 419 2188 difficultas
440 2148 459 2188 a
480 2125 638 2189 sententia.
673 2124 834 2203 Quasnam
853 2147 910 2212 per
930 2147 1045 2189 novam
1064 2125 1185 2188 literam
1206 2123 1355 2191 Claudius
1375 2127 1475 2189 scribi

256 2261 347 2306 voees
374 2240 493 2304 voluit?
524 2243 620 2325 ‘quae
649 2261 750 2325 neque
780 2240 952 2306 seeundum
979 2240 1147 2304 exilitatem
1182 2240 1200 2304 I
1234 2239 1341 2304 literae
1365 2261 1475 2324 neque

143 2431 145 2442 Ι
256 2353 426 2418 seeundum
453 2355 700 2440 pinguitudinem
720 2356 752 2418 V
772 2355 879 2419 literae
900 2365 1061 2436 sonarent,
1089 2364 1123 2418 ut
1142 2355 1174 2418 iu
1195 2355 1262 2418 viro
1288 2363 1319 2418 et
1345 2354 1474 2436 virtute,

256 2491 356 2555 neque
377 2492 483 2538 rursus
509 2469 680 2534 seeundum
706 2469 803 2534 latum
827 2470 934 2534 literae
962 2491 1073 2534 sonum
1099 2469 1346 2550 enuntiarentur,
1373 2477 1409 2532 ut
1440 2469 1473 2533 in

256 2604 292 2647 eo
316 2585 400 2669 quod
423 2594 468 2648 est
488 2584 593 2670 legere
620 2585 773 2648 seribere)
813 2584 964 2648 Proxima
988 2583 1085 2648 verba
1112 2604 1183 2646 eum
1203 2581 1360 2668 Taylorus
1389 2583 1473 2647 ‘for-

255 2707 335 2762 tasse
354 2698 524 2764 maculosa'
552 2721 619 2764 esse
645 2700 835 2780 adnotasset,
866 2696 1075 2764 Schneiderus
1104 2719 1161 2783 pro
1184 2697 1319 2782 ‘legere’
1348 2699 1473 2761 censuit

256 2812 385 2878 ‘dicere'
406 2814 628 2878 restituendum
654 2834 721 2878 esse
750 2813 800 2878 vel
826 2813 925 2878 simile
952 2811 1138 2877 vocabulum
1162 2812 1195 2874 in
1222 2833 1284 2895 quo
1311 2811 1330 2875 I
1351 2813 1473 2876 vocalis

255 2936 334 2991 esset
353 2927 512 3013 producta.
547 2927 592 2994 Ut
610 2927 693 2991 enim
714 2927 879 2991 ‘scribere‘
899 2927 1009 2991 Velius
1028 2936 1178 3010 tanquam
1197 2925 1374 3012 exemplum
1395 2947 1471 3012 pro-

254 3041 356 3126 posuit
382 3042 414 3104 in
441 3059 503 3126 quo
531 3041 611 3105 latus
641 3040 754 3106 inesset
778 3041 886 3106 literae
912 3062 1022 3123 sonus,
1051 3040 1095 3104 ita
1122 3040 1254 3126 ‘legere’
1283 3039 1404 3103 librarii
1434 3041 1471 3104 in

131 3201 135 3204 -
255 3154 319 3220 eius
351 3155 456 3220 looum
490 3155 633 3220 vocabuli
664 3156 884 3222 substituerunt
918 3155 1002 3240 quod
1034 3154 1203 3218 seeundum
1233 3153 1331 3218 latum
1358 3154 1472 3222 literae

219 3325 227 3338 .
254 3291 365 3336 sonum
384 3269 601 3336 enuntiaretur.
643 3271 751 3356 Atque
780 3271 909 3336 eumin
935 3269 1039 3356 priore
1064 3269 1156 3332 totius
1183 3268 1351 3333 sententiae
1377 3277 1473 3356 parte

255 3385 370 3468 ‘neque
390 3383 560 3448 seeundum
574 3384 742 3450 exilitatem
760 3383 779 3448 1
797 3385 905 3450 literae
918 3405 1020 3469 neque
1036 3383 1206 3447 seeundum
1217 3383 1471 3468 pinguitudinem

255 3495 285 3560 V
313 3495 420 3564 literae
446 3498 605 3564 sonarent'
633 3497 651 3562 I
681 3509 711 3566 et
740 3499 895 3564 Vlitoras
923 3497 1051 3582 Longus
1080 3506 1113 3563 ut
1140 3496 1216 3561 duas
1242 3519 1292 3562 res
1319 3499 1470 3583 aequales

254 3611 475 3697 composuerit,
504 3612 617 3676 ‘latum
640 3612 748 3676 literae
779 3613 900 3676 sonum’
936 3633 999 3676 non
1026 3610 1120 3674 modo
1155 3609 1194 3674 ad
1232 3599 1417 3698 produotam
1450 3613 1471 3676 Ι

253 3735 391 3810 spectare
413 3725 489 3792 mihi
507 3726 646 3812 persuasi
666 3727 722 3792 sed
744 3727 896 3792 etiamad
917 3726 1099 3812 productam
1119 3725 1150 3788 V
1172 3725 1319 3789 voo‘alem.
1357 3724 1471 3802 Quare

253 3840 454 3925 posteriorem
476 3840 623 3904 enuntiati
642 3840 724 3906 illius
745 3849 865 3926 partem
885 3841 1081 3906 sieemendo
1102 3844 1220 3925 ‘neque
1234 3863 1340 3904 rursus
1356 3861 1468 3904 seeun-

254 3955 329 4020 dum
348 3955 444 4020 latum
464 3954 571 4018 literae
592 3975 703 4022 sonum
724 3955 971 4035 enuntiarentur,
991 3963 1027 4016 ut
1047 3955 1079 4016 in
1101 3975 1138 4018 eo
1159 3955 1244 4038 quod
1265 3965 1310 4017 est
1330 3955 1468 4039 lugere

252 4069 410 4149 seribero’,
433 4078 467 4131 ut
487 4069 595 4135 eadem
615 4069 724 4134 exient
744 4069 895 4134 sententia
915 4091 1008 4153 quam
1030 4067 1159 4154 Sergius
1174 4069 1292 4133 Donati
1311 4070 1467 4155 interpres

252 4206 282 4268 p.
303 4185 383 4248 1827
406 4184 443 4247 P.
464 4185 624 4270 proposuit
644 4187 734 4250 ‘nam
755 4182 928 4248 invenimus
947 4183 1000 4247 ubi
1021 4180 1054 4268 [I
1068 4192 1099 4248 et
1111 4181 1158 4270 V]
1177 4205 1288 4248 sonum
1309 4183 1468 4269 explioent

251 4320 341 4363 suum
362 4308 396 4362 ut
418 4298 503 4364 virus
531 4308 561 4364 et
587 4299 712 4364 rumor!
753 4297 843 4364 Haeo
867 4298 964 4362 verba
983 4305 1146 4386 postquam
1163 4298 1365 4379 restituimus,
1391 4299 1466 4363 ilico

252 4432 388 4497 eaquae
409 4413 593 4478 antecedunt
619 4417 668 4478 ‘ut
695 4414 728 4476 in
752 4413 820 4477 viro
842 4422 873 4478 et
893 4411 1019 4478 virtute'
1047 4411 1265 4498 perspioiemus
1286 4435 1350 4478 non
1370 4435 1466 4498 posse

251 4525 331 4590 ferri.
382 4527 463 4594 Nam
490 4537 620 4612 aequata
648 4528 727 4591 inter
764 4547 798 4590 ae
825 4535 896 4592 sunt
922 4527 1170 4614 respondentque
1197 4531 1249 4592 ‘ut
1273 4527 1305 4592 111
1332 4528 1399 4593 viro
1434 4538 1466 4594 et
