3100 5268
652 297 731 400 15'

543 419 799 428 ψῃ-..-

63 543 170 606 statuit
192 552 296 606 notam
317 541 482 607 Claudium
504 541 658 606 invenisse
679 563 741 626 qua
768 545 803 600 Ψ
821 561 881 603 vox
903 540 1121 606 declararetur.
1157 543 1186 607 Ε
1207 565 1279 608 con-

62 658 161 721 trario
182 655 233 719 alii
256 656 308 742 qui
327 657 362 746 in
384 661 420 716 Ψ
436 655 546 720 literae
558 655 656 719 vicem
677 655 873 741 adsumptum
894 656 1058 740 antisigma
1078 679 1144 721 esse
1164 679 1279 743 cogno·

63 780 176 835 verant
202 771 236 834 X
264 768 370 856 (εἷ.)
396 780 542 856 tanquam
570 769 693 833 tertium
728 770 888 832 inventum
916 769 1041 834 Caesari
1076 771 1280 835 adseruerunt

62 885 117 968 (cf.
141 884 258 950 ‘Noua
279 893 317 948 tr.
339 885 445 970 dipt’).
488 883 632 968 Denique
660 879 852 968 indiligentia
880 904 988 948 eorum
1016 884 1185 970 levitasque
1210 908 1279 972 per-

63 999 248 1084 stringenda
262 1008 308 1063 est
325 999 378 1084 qui
397 1019 586 1083 quamquam
598 999 707 1063 tertiae
722 998 830 1062 literae
842 998 889 1062 vis
910 1007 940 1064 et
960 1008 1070 1063 natura
1083 1000 1145 1062 iam
1162 999 1280 1066 dudum
1312 1060 1324 1067 .

61 1112 218 1195 patefacta
239 1122 306 1176 erat
325 1121 429 1176 tamen
451 1113 607 1176 nonsatis
629 1113 668 1176 de
689 1133 727 1177 ea
747 1113 864 1198 liquido
886 1123 1028 1178 constare
1049 1115 1278 1180 caussabantur.

150 1225 318 1310 Indagavit
337 1226 459 1289 tertiam
478 1225 602 1290 literam
623 1225 828 1292 Claudianam
853 1227 972 1313 primus
992 1229 1130 1294 omnium
1155 1252 1193 1292 ac
1211 1252 1280 1316 per-

64 1341 231 1426 vestigavit
252 1341 408 1426 Taylorus
430 1345 583 1406 ‘marmor
604 1338 827 1406 Sandvicense'
857 1339 1075 1428 Cantabrigiae
1096 1367 1177 1408 anno
1198 1345 1281 1408 1743

63 1465 291 1519 commentatus
313 1479 343 1541 p.
365 1455 422 1534 46,
445 1455 557 1520 deinde
577 1464 648 1542 post
667 1454 793 1539 aliquod
813 1457 959 1541 temporis
984 1458 1116 1544 spatium
1137 1457 1178 1524 G.
1201 1459 1280 1523 Bro-

62 1571 161 1632 tierus
195 1592 265 1634 cum
298 1570 338 1632 ad
367 1563 442 1632 Tac.
471 1591 541 1633 ann.
569 1569 621 1634 XI
650 1571 690 1633 14
725 1570 781 1633 ‘de
808 1569 903 1632 literis
930 1593 949 1632 a
976 1569 1107 1636 Claudio
1133 1573 1279 1637 inventis*

64 1685 215 1748 scriberet
240 1694 270 1748 et
292 1682 453 1769 Seyfertus
475 1706 576 1769 gram.
605 1685 658 1748 lat.
686 1684 755 1770 Ip.
782 1685 836 1765 99,
865 1707 920 1749 suo
949 1693 983 1748 ut
1010 1685 1131 1750 videtur
1151 1697 1280 1772 uterque

64 1798 284 1879 iudiciumne,
302 1800 413 1884 quibus
430 1809 576 1884 quartum
591 1799 741 1884 adiungas
759 1797 984 1864 Schneiderum
999 1821 1100 1884 gram.
1118 1801 1169 1864 lat
1180 1801 1199 1865 Ι
1212 1825 1243 1888 p.
1260 1803 1281 1866 6

66 1913 218 1998 quicum
243 1912 403 1978 Brotierus
419 1923 461 1985 ⁸et
489 1912 650 1999 Seyfenus
671 1913 810 1978 Velianis
839 1913 941 1978 verbis
967 1913 999 1978 in
1028 1935 1166 1978 errorem
1188 1938 1281 2002 quem

64 2035 176 2111 postea
189 2029 498 2092 commemorabimus
513 2028 629 2094 inducti
647 2037 749 2094 essent
764 2028 938 2114 Taylorum
951 2027 1076 2093 omnino
1092 2039 1212 2092 secutus
1226 2040 1279 2094 est.

152 2141 261 2206 Velius
283 2141 393 2227 quibus
415 2142 454 2206 de
473 2143 563 2207 tertio
584 2143 645 2206 hoo
667 2143 790 2208 Claudii
810 2143 935 2210 invento
956 2142 1073 2206 rettulit
1086 2143 1279 2230 verbaapud

65 2255 250 2320 Putschium
268 2280 299 2343 p.
320 2257 403 2322 2235
424 2258 501 2322 haec
528 2267 600 2322 sunt
627 2257 776 2322 ‘Aurifex
801 2258 911 2322 melius
939 2279 997 2344 per
1024 2256 1043 2319 Ι
1068 2266 1157 2321 sonat
1188 2279 1282 2342 quam

66 2393 126 2456 per
146 2371 188 2453 V,
208 2381 243 2434 ut
263 2393 416 2459 aucupare
438 2381 468 2436 et
488 2373 652 2458 aucupium
673 2373 749 2437 mibi
769 2372 878 2438 melius
900 2371 1022 2436 videtur
1042 2391 1153 2436 sonare
1173 2393 1230 2458 per
1251 2373 1282 2434 V

67 2507 164 2570 quam
183 2509 240 2572 per
262 2486 297 2568 Ι,
325 2497 356 2551 et
375 2488 458 2552 idem
476 2495 579 2550 tamen
599 2486 714 2572 aucipis
742 2486 824 2550 malo
847 2507 941 2571 quam
961 2486 1102 2572 aucupis,
1122 2487 1196 2571 quia
1218 2486 1282 2550 seio

66 2621 245 2665 sermonem
267 2610 297 2665 et
318 2601 422 2665 decori
442 2602 558 2665 servire
579 2601 751 2665 staurium
772 2601 939 2686 voluptati,
967 2601 1050 2665 unde
1077 2601 1119 2664 sit
1136 2610 1170 2664 ut
1190 2621 1283 2686 saepe

67 2715 155 2780 aliud
181 2716 365 2797 scribamus,
394 2716 478 2780 aliud
507 2716 716 2798 enuntiemus,
738 2715 817 2778 sicut
842 2737 936 2802 supra
963 2714 1083 2780 locutus
1110 2737 1188 2778 sum.
1231 2715 1283 2778 De

68 2832 138 2895 viro
159 2851 234 2894 vero
256 2839 287 2894 et
307 2831 436 2912 virtute,
464 2831 519 2894 ubi
544 2830 563 2894 I
591 2831 734 2895 scribitur
761 2840 792 2895 et
817 2851 916 2916 paene
935 2829 968 2893 V
988 2829 1179 2911 enuntiatur,
1199 2829 1283 2894 unde

69 2943 120 3008 Ti.
142 2943 291 3010 Claudius
312 2967 428 3011 novam
448 2945 605 3030 quandam
625 2945 747 3010 literam
767 2945 969 3031 excogitavit,
989 2945 1120 3010 similem
1142 2946 1171 3009 ei
1191 2953 1283 3008 notae

70 3079 166 3143 quam
190 3081 249 3146 pro
273 3061 459 3146 aspiratione
485 3057 600 3125 Graeci
625 3069 758 3146 ponunt,
793 3080 851 3145 per
878 3081 972 3144 quam
995 3060 1203 3126 scriberentur
1228 3081 1286 3124 eae

70 3194 163 3236 voces
195 3195 274 3259 quae
306 3195 407 3259 neque
439 3173 609 3238 seeundum
640 3174 806 3238 exilitatem
838 3175 944 3240 literae
979 3195 1080 3260 neque
1114 3175 1284 3239 secundum

70 3287 318 3372 pinguitudinem
337 3287 445 3352 literae
466 3298 594 3371 sonant,
620 3299 654 3353 ut
680 3289 714 3352 in
739 3289 807 3354 viro
839 3298 869 3354 et
895 3290 1021 3370 virtute,
1048 3310 1149 3375 neque
1176 3310 1283 3354 rursus

70 3401 241 3466 secundum
268 3402 365 3467 latum
394 3403 502 3468 literae
529 3423 641 3467 sonum
668 3403 915 3484 enuntiarentur,
946 3413 981 3466 ut
1007 3403 1040 3466 in
1066 3425 1104 3469 eo
1132 3405 1216 3490 quod
1238 3413 1287 3469 est

71 3516 177 3601 legere
197 3517 341 3581 scribere.
383 3516 494 3603 Itaque
515 3516 656 3582 audimus
677 3517 828 3603 quosdam
847 3517 940 3604 plena
961 3517 1047 3580 omni
1066 3519 1190 3603 syllaba
1210 3518 1283 3603 quoi

72 3641 103 3694 et
122 3619 266 3716 tibei'pro
287 3631 336 3695 cui
354 3641 385 3695 et
401 3632 472 3714 tibi,
492 3633 576 3719 quod
592 3633 691 3696 multo
710 3631 845 3696 vitiosius
862 3641 924 3713 est,
945 3653 1040 3716 quam
1058 3632 1085 3694 ai
1104 3633 1283 3696 tenuitatem
1383 3700 1385 3703 ,

72 3745 217 3809 Iliterae
238 3746 444 3810 custodirent‘
485 3745 574 3811 Haec
601 3746 642 3811 ad
671 3747 864 3810 emendanda
891 3746 987 3810 verba
1014 3767 1204 3832 quemquam
1225 3767 1282 3810 ms.

71 3859 168 3923 libros
186 3881 384 3945 speraveram
403 3861 481 3924 mihi
502 3883 630 3947 operam
650 3883 738 3926 suam
764 3861 1013 3924 commodaturus
1039 3881 1106 3924 esse
1125 3869 1230 3924 tamen
1250 3861 1283 3924 in

72 3974 116 4037 eis
135 3995 234 4060 prope
254 3974 299 4036 nil
318 3984 384 4040 erat
405 3975 521 4038 auxilii.
550 3975 593 4040 Η.
616 3976 698 4040 enim
719 3973 872 4040 Keiliusa
891 3974 945 4038 Fr.
967 3974 1135 4068 Ritscbelio
1156 3983 1283 4060 rogatus

73 4111 135 4174 qua
155 4099 201 4154 est
221 4089 411 4154 humanitate
432 4091 594 4155 certiorem
614 4113 665 4156 me
684 4091 762 4156 lecit
781 4092 814 4154 in
835 4089 902 4154 cod.
924 4089 1076 4152 Vaticano
1104 4089 1186 4152 3402
1208 4111 1283 4174 quo·

73 4225 144 4267 cum
171 4225 235 4268 non
258 4205 353 4270 modo
381 4205 513 4270 alterum
537 4206 696 4292 exemplar
716 4205 903 4270 Vaticanum
928 4213 1035 4269 exacte
1060 4203 1116 4268 sed
1141 4203 1284 4268 universe

74 4321 164 4383 ctiam
189 4318 304 4383 relicua
332 4321 521 4408 exemplaria
547 4329 755 4407 congruerent
780 4319 900 4383 nullam
933 4318 1103 4404 scripturae
1130 4337 1197 4381 esse
1224 4317 1283 4380 dis-

73 4434 261 4520 crepantiam
280 4435 340 4499 nisi
359 4436 440 4499 hanc
460 4447 494 4500 ut
520 4438 574 4500 ‘de
594 4437 661 4500 vrio
682 4445 713 4500 et
733 4434 858 4514 virtute,
883 4433 938 4497 ubi
962 4432 981 4496 Ι
1001 4430 1167 4512 scribitur,'
1188 4431 1284 4496 verba

73 4551 250 4635 legerentur
263 4551 512 4636 adscriptumque
529 4552 561 4614 in
577 4553 719 4637 margine
732 4558 811 4615 esset
830 4548 866 4611 ‘f.
883 4548 970 4611 viro!
993 4545 1065 4624 Qua
1081 4567 1115 4611 re
1129 4546 1284 4610 luculenta
