<?xml version="1.0" encoding="UTF-8"?>
<!DOCTYPE html PUBLIC "-//W3C//DTD XHTML 1.0 Transitional//EN"
    "http://www.w3.org/TR/xhtml1/DTD/xhtml1-transitional.dtd">
<html xmlns="http://www.w3.org/1999/xhtml" xml:lang="en" lang="en">
 <head>
  <title>
</title>
<meta http-equiv="Content-Type" content="text/html;charset=utf-8" />
  <meta name='ocr-system' content='tesseract 3.04.00' />
  <meta name='ocr-capabilities' content='ocr_page ocr_carea ocr_par ocr_line ocrx_word'/>
</head>
<body>
  <div class='ocr_page' id='page_1' title='image "./deticlavdiocaes01buecgoog_0008.png"; bbox 0 0 3100 5268; ppageno 0'>
   <div class='ocr_carea' id='block_1_1' title="bbox 821 299 846 372">
    <p class='ocr_par' dir='ltr' id='par_1_1' title="bbox 821 299 846 372">
     <span class='ocr_line' id='line_1_1' title="bbox 821 299 846 372; baseline 0 0"><span class='ocrx_word' id='word_1_1' title='bbox 821 299 846 372; x_wconf 90' lang='grc'>4</span> 
     </span>
    </p>
   </div>
   <div class='ocr_carea' id='block_1_2' title="bbox 705 389 963 398">
    <p class='ocr_par' dir='ltr' id='par_1_2' title="bbox 705 389 963 398">
     <span class='ocr_line' id='line_1_2' title="bbox 705 389 963 398; baseline 0 0"><span class='ocrx_word' id='word_1_2' title='bbox 705 389 923 398; x_wconf 54' lang='lat' dir='ltr'>mu·</span> <span class='ocrx_word' id='word_1_3' title='bbox 931 389 963 397; x_wconf 69' lang='lat' dir='ltr'>o-</span> 
     </span>
    </p>
   </div>
   <div class='ocr_carea' id='block_1_3' title="bbox 233 507 1449 1842">
    <p class='ocr_par' dir='ltr' id='par_1_3' title="bbox 315 507 1439 593">
     <span class='ocr_line' id='line_1_3' title="bbox 315 507 1439 593; baseline -0.006 -15"><span class='ocrx_word' id='word_1_4' title='bbox 315 511 437 578; x_wconf 85' lang='lat' dir='ltr'>Gellius</span> <span class='ocrx_word' id='word_1_5' title='bbox 464 520 545 576; x_wconf 90' lang='lat' dir='ltr'>noct.</span> <span class='ocrx_word' id='word_1_6' title='bbox 573 511 654 575; x_wconf 85' lang='lat' dir='ltr'>attic.</span> <span class='ocrx_word' id='word_1_7' title='bbox 675 509 757 574; x_wconf 91' lang='lat' dir='ltr'>XIV</span> <span class='ocrx_word' id='word_1_8' title='bbox 783 511 819 593; x_wconf 84' lang='lat'>5,</span> <span class='ocrx_word' id='word_1_9' title='bbox 847 511 868 574; x_wconf 79' lang='grc'>2</span> <span class='ocrx_word' id='word_1_10' title='bbox 895 510 994 574; x_wconf 83' lang='lat' dir='ltr'>‘Nam</span> <span class='ocrx_word' id='word_1_11' title='bbox 1021 508 1161 575; x_wconf 82' lang='lat' dir='ltr'>DIVVS</span> <span class='ocrx_word' id='word_1_12' title='bbox 1196 519 1226 573; x_wconf 91' lang='lat' dir='ltr'>et</span> <span class='ocrx_word' id='word_1_13' title='bbox 1251 507 1387 575; x_wconf 80' lang='lat' dir='ltr'>RIVVS</span> <span class='ocrx_word' id='word_1_14' title='bbox 1409 518 1439 573; x_wconf 91' lang='lat' dir='ltr'>et</span> 
     </span>
    </p>

    <p class='ocr_par' dir='ltr' id='par_1_4' title="bbox 233 621 1444 1396">
     <span class='ocr_line' id='line_1_4' title="bbox 234 621 1440 709; baseline -0.007 -16"><span class='ocrx_word' id='word_1_15' title='bbox 234 623 396 693; x_wconf 82' lang='lat' dir='ltr'>CLIVVS</span> <span class='ocrx_word' id='word_1_16' title='bbox 425 647 488 690; x_wconf 89' lang='lat' dir='ltr'>non</span> <span class='ocrx_word' id='word_1_17' title='bbox 515 623 572 690; x_wconf 79' lang='lat' dir='ltr'>VS</span> <span class='ocrx_word' id='word_1_18' title='bbox 599 623 721 709; x_wconf 82' lang='lat' dir='ltr'>syllaba</span> <span class='ocrx_word' id='word_1_19' title='bbox 748 624 967 705; x_wconf 79' lang='lat' dir='ltr'><strong>terminantur,</strong></span> <span class='ocrx_word' id='word_1_20' title='bbox 993 623 1048 687; x_wconf 91' lang='lat' dir='ltr'>sed</span> <span class='ocrx_word' id='word_1_21' title='bbox 1077 643 1113 688; x_wconf 90' lang='lat' dir='ltr'>ea</span> <span class='ocrx_word' id='word_1_22' title='bbox 1140 643 1220 707; x_wconf 88' lang='lat' dir='ltr'>quae</span> <span class='ocrx_word' id='word_1_23' title='bbox 1245 643 1302 708; x_wconf 87' lang='lat' dir='ltr'>per</span> <span class='ocrx_word' id='word_1_24' title='bbox 1328 622 1389 686; x_wconf 91' lang='lat' dir='ltr'>duc</span> <span class='ocrx_word' id='word_1_25' title='bbox 1410 621 1440 684; x_wconf 90' lang='lat' dir='ltr'>V</span> 
     </span>
     <span class='ocr_line' id='line_1_5' title="bbox 233 737 1442 825; baseline -0.003 -21"><span class='ocrx_word' id='word_1_26' title='bbox 233 739 396 805; x_wconf 89' lang='lat' dir='ltr'>scribenda</span> <span class='ocrx_word' id='word_1_27' title='bbox 416 748 476 822; x_wconf 86' lang='lat' dir='ltr'>est,</span> <span class='ocrx_word' id='word_1_28' title='bbox 503 746 631 825; x_wconf 91' lang='lat' dir='ltr'>propter</span> <span class='ocrx_word' id='word_1_29' title='bbox 659 739 745 802; x_wconf 90' lang='lat' dir='ltr'>ouius</span> <span class='ocrx_word' id='word_1_30' title='bbox 773 739 913 824; x_wconf 81' lang='lat' dir='ltr'><strong>syllabae</strong></span> <span class='ocrx_word' id='word_1_31' title='bbox 938 759 1049 802; x_wconf 89' lang='lat' dir='ltr'>sonum</span> <span class='ocrx_word' id='word_1_32' title='bbox 1076 737 1295 802; x_wconf 87' lang='lat' dir='ltr'>declarandum</span> <span class='ocrx_word' id='word_1_33' title='bbox 1320 743 1442 823; x_wconf 84' lang='lat' dir='ltr'>reperta</span> 
     </span>
     <span class='ocr_line' id='line_1_6' title="bbox 234 851 1040 939; baseline -0.006 -20"><span class='ocrx_word' id='word_1_34' title='bbox 234 863 300 920; x_wconf 89' lang='lat' dir='ltr'>erat</span> <span class='ocrx_word' id='word_1_35' title='bbox 320 877 402 919; x_wconf 91' lang='lat' dir='ltr'>nova</span> <span class='ocrx_word' id='word_1_36' title='bbox 422 853 511 916; x_wconf 90' lang='lat' dir='ltr'>litera</span> <span class='ocrx_word' id='word_1_37' title='bbox 533 873 612 937; x_wconf 90' lang='lat' dir='ltr'>quae</span> <span class='ocrx_word' id='word_1_38' title='bbox 633 852 789 938; x_wconf 82' lang='lat' dir='ltr'>digamma</span> <span class='ocrx_word' id='word_1_39' title='bbox 809 851 1040 939; x_wconf 88' lang='lat' dir='ltr'>appellabatur.&#39;</span> 
     </span>
     <span class='ocr_line' id='line_1_7' title="bbox 242 964 1442 1060; baseline -0.004 -29"><span class='ocrx_word' id='word_1_40' title='bbox 242 1057 244 1060; x_wconf 16' lang='grc' dir='ltr'>Ι</span> <span class='ocrx_word' id='word_1_41' title='bbox 316 968 371 1033; x_wconf 86' lang='lat' dir='ltr'>Ad</span> <span class='ocrx_word' id='word_1_42' title='bbox 403 967 533 1031; x_wconf 87' lang='lat' dir='ltr'>candem</span> <span class='ocrx_word' id='word_1_43' title='bbox 566 966 688 1030; x_wconf 82' lang='lat' dir='ltr'>literam</span> <span class='ocrx_word' id='word_1_44' title='bbox 719 989 738 1030; x_wconf 91' lang='lat' dir='ltr'>a</span> <span class='ocrx_word' id='word_1_45' title='bbox 764 965 895 1032; x_wconf 78' lang='lat' dir='ltr'>Claudio</span> <span class='ocrx_word' id='word_1_46' title='bbox 924 964 1082 1029; x_wconf 89' lang='lat' dir='ltr'>inventam</span> <span class='ocrx_word' id='word_1_47' title='bbox 1109 964 1317 1043; x_wconf 79' lang='lat' dir='ltr'>Quintilianus</span> <span class='ocrx_word' id='word_1_48' title='bbox 1351 965 1442 1028; x_wconf 91' lang='lat' dir='ltr'>ctiam</span> 
     </span>
     <span class='ocr_line' id='line_1_8' title="bbox 236 1079 1443 1166; baseline -0.001 -21"><span class='ocrx_word' id='word_1_49' title='bbox 236 1081 305 1145; x_wconf 86' lang='lat' dir='ltr'>XII</span> <span class='ocrx_word' id='word_1_50' title='bbox 320 1083 376 1163; x_wconf 89' lang='lat'>10,</span> <span class='ocrx_word' id='word_1_51' title='bbox 390 1081 431 1145; x_wconf 78' lang='lat'>29</span> <span class='ocrx_word' id='word_1_52' title='bbox 445 1081 492 1144; x_wconf 92' lang='lat' dir='ltr'>his</span> <span class='ocrx_word' id='word_1_53' title='bbox 506 1081 608 1145; x_wconf 88' lang='lat' dir='ltr'>verbis</span> <span class='ocrx_word' id='word_1_54' title='bbox 622 1079 745 1166; x_wconf 78' lang='lat' dir='ltr'>respicit</span> <span class='ocrx_word' id='word_1_55' title='bbox 757 1079 915 1146; x_wconf 87' lang='lat' dir='ltr'>‘Aeolicae</span> <span class='ocrx_word' id='word_1_56' title='bbox 928 1101 1051 1166; x_wconf 89' lang='lat' dir='ltr'>quoque</span> <span class='ocrx_word' id='word_1_57' title='bbox 1065 1079 1173 1144; x_wconf 89' lang='lat' dir='ltr'>literae</span> <span class='ocrx_word' id='word_1_58' title='bbox 1187 1103 1248 1166; x_wconf 88' lang='lat' dir='ltr'>qua</span> <span class='ocrx_word' id='word_1_59' title='bbox 1263 1079 1443 1145; x_wconf 84' lang='lat' dir='ltr'><strong>SERVVM</strong></span> 
     </span>
     <span class='ocr_line' id='line_1_9' title="bbox 238 1193 1444 1282; baseline -0.007 -20"><span class='ocrx_word' id='word_1_60' title='bbox 238 1195 483 1282; x_wconf 83' lang='lat' dir='ltr'>CERVVMque</span> <span class='ocrx_word' id='word_1_61' title='bbox 513 1195 641 1258; x_wconf 78' lang='lat' dir='ltr'>dicimus</span> <span class='ocrx_word' id='word_1_62' title='bbox 669 1193 786 1258; x_wconf 89' lang='lat' dir='ltr'>etiamsi</span> <span class='ocrx_word' id='word_1_63' title='bbox 813 1194 913 1258; x_wconf 86' lang='lat' dir='ltr'>forma</span> <span class='ocrx_word' id='word_1_64' title='bbox 947 1217 966 1257; x_wconf 91' lang='lat' dir='ltr'>a</span> <span class='ocrx_word' id='word_1_65' title='bbox 995 1193 1084 1258; x_wconf 90' lang='lat' dir='ltr'>nobis</span> <span class='ocrx_word' id='word_1_66' title='bbox 1115 1194 1274 1280; x_wconf 87' lang='lat' dir='ltr'>repudiata</span> <span class='ocrx_word' id='word_1_67' title='bbox 1302 1203 1364 1276; x_wconf 92' lang='lat' dir='ltr'>est,</span> <span class='ocrx_word' id='word_1_68' title='bbox 1398 1193 1444 1256; x_wconf 86' lang='lat' dir='ltr'>vis</span> 
     </span>
     <span class='ocr_line' id='line_1_10' title="bbox 236 1307 734 1396; baseline -0.008 -22"><span class='ocrx_word' id='word_1_69' title='bbox 236 1320 340 1374; x_wconf 85' lang='lat' dir='ltr'>tamen</span> <span class='ocrx_word' id='word_1_70' title='bbox 360 1329 417 1374; x_wconf 88' lang='lat' dir='ltr'>nos</span> <span class='ocrx_word' id='word_1_71' title='bbox 437 1309 504 1396; x_wconf 87' lang='lat' dir='ltr'>ipsa</span> <span class='ocrx_word' id='word_1_72' title='bbox 523 1307 734 1395; x_wconf 65' lang='lat' dir='ltr'>persequitur)</span> 
     </span>
    </p>

    <p class='ocr_par' dir='ltr' id='par_1_5' title="bbox 239 1419 1449 1842">
     <span class='ocr_line' id='line_1_11' title="bbox 319 1419 1446 1508; baseline -0.004 -20"><span class='ocrx_word' id='word_1_73' title='bbox 319 1422 483 1488; x_wconf 84' lang='lat' dir='ltr'>Rationem</span> <span class='ocrx_word' id='word_1_74' title='bbox 519 1443 611 1508; x_wconf 90' lang='lat' dir='ltr'>quam</span> <span class='ocrx_word' id='word_1_75' title='bbox 639 1422 796 1507; x_wconf 88' lang='lat' dir='ltr'>digamma</span> <span class='ocrx_word' id='word_1_76' title='bbox 827 1442 846 1487; x_wconf 87' lang='lat' dir='ltr'>a</span> <span class='ocrx_word' id='word_1_77' title='bbox 874 1419 1006 1487; x_wconf 83' lang='lat' dir='ltr'>Claudio</span> <span class='ocrx_word' id='word_1_78' title='bbox 1041 1422 1200 1488; x_wconf 87' lang='lat' dir='ltr'>inventum</span> <span class='ocrx_word' id='word_1_79' title='bbox 1225 1421 1337 1486; x_wconf 87' lang='lat' dir='ltr'>habeat</span> <span class='ocrx_word' id='word_1_80' title='bbox 1361 1420 1446 1484; x_wconf 87' lang='lat' dir='ltr'>haud</span> 
     </span>
     <span class='ocr_line' id='line_1_12' title="bbox 239 1534 1446 1622; baseline -0.003 -20"><span class='ocrx_word' id='word_1_81' title='bbox 239 1537 365 1602; x_wconf 85' lang='lat' dir='ltr'>difficile</span> <span class='ocrx_word' id='word_1_82' title='bbox 385 1536 534 1622; x_wconf 87' lang='lat' dir='ltr'>indagatu</span> <span class='ocrx_word' id='word_1_83' title='bbox 555 1544 609 1601; x_wconf 89' lang='lat' dir='ltr'>est.</span> <span class='ocrx_word' id='word_1_84' title='bbox 651 1534 734 1599; x_wconf 91' lang='lat' dir='ltr'>Nam</span> <span class='ocrx_word' id='word_1_85' title='bbox 754 1534 902 1600; x_wconf 87' lang='lat' dir='ltr'>Romanis</span> <span class='ocrx_word' id='word_1_86' title='bbox 923 1536 1063 1601; x_wconf 89' lang='lat' dir='ltr'>similiter</span> <span class='ocrx_word' id='word_1_87' title='bbox 1081 1545 1173 1622; x_wconf 87' lang='lat' dir='ltr'>atque</span> <span class='ocrx_word' id='word_1_88' title='bbox 1194 1536 1305 1600; x_wconf 86' lang='lat' dir='ltr'>decimi</span> <span class='ocrx_word' id='word_1_89' title='bbox 1325 1535 1446 1621; x_wconf 84' lang='lat' dir='ltr'>septimi</span> 
     </span>
     <span class='ocr_line' id='line_1_13' title="bbox 240 1647 1446 1736; baseline -0.002 -21"><span class='ocrx_word' id='word_1_90' title='bbox 240 1650 355 1715; x_wconf 89' lang='lat' dir='ltr'>saeculi</span> <span class='ocrx_word' id='word_1_91' title='bbox 383 1649 551 1736; x_wconf 86' lang='lat' dir='ltr'>philologis</span> <span class='ocrx_word' id='word_1_92' title='bbox 578 1647 789 1735; x_wconf 85' lang='lat' dir='ltr'>maximopere</span> <span class='ocrx_word' id='word_1_93' title='bbox 816 1650 876 1714; x_wconf 89' lang='lat' dir='ltr'>hoo</span> <span class='ocrx_word' id='word_1_94' title='bbox 904 1651 1027 1716; x_wconf 89' lang='lat' dir='ltr'>videtur</span> <span class='ocrx_word' id='word_1_95' title='bbox 1061 1649 1322 1730; x_wconf 87' lang='lat' dir='ltr'>incommodasse,</span> <span class='ocrx_word' id='word_1_96' title='bbox 1355 1658 1390 1713; x_wconf 94' lang='lat' dir='ltr'>ut</span> <span class='ocrx_word' id='word_1_97' title='bbox 1415 1649 1446 1713; x_wconf 79' lang='lat' dir='ltr'>V</span> 
     </span>
     <span class='ocr_line' id='line_1_14' title="bbox 241 1762 1449 1842; baseline -0.003 -12"><span class='ocrx_word' id='word_1_98' title='bbox 241 1765 436 1830; x_wconf 87' lang='lat' dir='ltr'>consonantis</span> <span class='ocrx_word' id='word_1_99' title='bbox 458 1773 489 1828; x_wconf 92' lang='lat' dir='ltr'>et</span> <span class='ocrx_word' id='word_1_100' title='bbox 501 1764 533 1828; x_wconf 91' lang='lat' dir='ltr'>V</span> <span class='ocrx_word' id='word_1_101' title='bbox 549 1762 664 1828; x_wconf 83' lang='lat' dir='ltr'>vocalis</span> <span class='ocrx_word' id='word_1_102' title='bbox 685 1763 860 1828; x_wconf 78' lang='lat' dir='ltr'>discrimine</span> <span class='ocrx_word' id='word_1_103' title='bbox 878 1771 1027 1828; x_wconf 87' lang='lat' dir='ltr'>carerent.</span> <span class='ocrx_word' id='word_1_104' title='bbox 1060 1763 1150 1842; x_wconf 85' lang='lat' dir='ltr'>Quae</span> <span class='ocrx_word' id='word_1_105' title='bbox 1170 1764 1312 1828; x_wconf 83' lang='lat' dir='ltr'>molestia</span> <span class='ocrx_word' id='word_1_106' title='bbox 1326 1762 1449 1829; x_wconf 82' lang='lat' dir='ltr'>Claudii</span> 
     </span>
    </p>
   </div>
   <div class='ocr_carea' id='block_1_4' title="bbox 135 1877 1450 2193">
    <p class='ocr_par' dir='ltr' id='par_1_6' title="bbox 135 1877 1450 2193">
     <span class='ocr_line' id='line_1_15' title="bbox 241 1877 1449 1964; baseline -0.005 -18"><span class='ocrx_word' id='word_1_107' title='bbox 241 1888 339 1946; x_wconf 87' lang='lat' dir='ltr'>aetate</span> <span class='ocrx_word' id='word_1_108' title='bbox 365 1878 462 1944; x_wconf 88' lang='lat' dir='ltr'>multo</span> <span class='ocrx_word' id='word_1_109' title='bbox 490 1878 590 1964; x_wconf 89' lang='lat' dir='ltr'>magis</span> <span class='ocrx_word' id='word_1_110' title='bbox 619 1899 711 1964; x_wconf 88' lang='lat' dir='ltr'>quam</span> <span class='ocrx_word' id='word_1_111' title='bbox 738 1887 830 1942; x_wconf 88' lang='lat' dir='ltr'>antea</span> <span class='ocrx_word' id='word_1_112' title='bbox 856 1879 889 1942; x_wconf 91' lang='lat' dir='ltr'>in</span> <span class='ocrx_word' id='word_1_113' title='bbox 916 1877 1023 1944; x_wconf 86' lang='lat' dir='ltr'>oeulos</span> <span class='ocrx_word' id='word_1_114' title='bbox 1049 1877 1226 1942; x_wconf 77' lang='lat' dir='ltr'>incurrebat</span> <span class='ocrx_word' id='word_1_115' title='bbox 1246 1885 1276 1942; x_wconf 91' lang='lat' dir='ltr'>et</span> <span class='ocrx_word' id='word_1_116' title='bbox 1301 1887 1449 1962; x_wconf 82' lang='lat' dir='ltr'>tanquam</span> 
     </span>
     <span class='ocr_line' id='line_1_16' title="bbox 135 1991 1449 2081; baseline -0.005 -21"><span class='ocrx_word' id='word_1_117' title='bbox 135 2023 137 2030; x_wconf 63' lang='grc'><em>’</em></span> <span class='ocrx_word' id='word_1_118' title='bbox 242 1994 388 2081; x_wconf 89' lang='lat' dir='ltr'>adspectu</span> <span class='ocrx_word' id='word_1_119' title='bbox 415 1992 617 2074; x_wconf 86' lang='lat' dir='ltr'>sentiebatur,</span> <span class='ocrx_word' id='word_1_120' title='bbox 651 1991 736 2077; x_wconf 88' lang='lat' dir='ltr'>quod</span> <span class='ocrx_word' id='word_1_121' title='bbox 767 2013 838 2056; x_wconf 90' lang='lat' dir='ltr'>cum</span> <span class='ocrx_word' id='word_1_122' title='bbox 874 1992 1083 2078; x_wconf 90' lang='lat' dir='ltr'>superioribus</span> <span class='ocrx_word' id='word_1_123' title='bbox 1108 1993 1297 2079; x_wconf 87' lang='lat' dir='ltr'>temporibus</span> <span class='ocrx_word' id='word_1_124' title='bbox 1326 1992 1356 2058; x_wconf 95' lang='lat' dir='ltr'>O</span> <span class='ocrx_word' id='word_1_125' title='bbox 1385 2015 1449 2058; x_wconf 85' lang='lat' dir='ltr'>vox</span> 
     </span>
     <span class='ocr_line' id='line_1_17' title="bbox 241 2105 1450 2193; baseline -0.002 -21"><span class='ocrx_word' id='word_1_126' title='bbox 241 2116 312 2172; x_wconf 86' lang='lat' dir='ltr'>ante</span> <span class='ocrx_word' id='word_1_127' title='bbox 333 2115 363 2172; x_wconf 92' lang='lat' dir='ltr'>et</span> <span class='ocrx_word' id='word_1_128' title='bbox 382 2115 452 2193; x_wconf 90' lang='lat' dir='ltr'>post</span> <span class='ocrx_word' id='word_1_129' title='bbox 465 2107 497 2170; x_wconf 88' lang='lat' dir='ltr'><strong>V</strong></span> <span class='ocrx_word' id='word_1_130' title='bbox 512 2115 732 2171; x_wconf 84' lang='lat' dir='ltr'>consonantem</span> <span class='ocrx_word' id='word_1_131' title='bbox 752 2105 952 2189; x_wconf 86' lang='lat' dir='ltr'>scriberetur,</span> <span class='ocrx_word' id='word_1_132' title='bbox 971 2107 1057 2170; x_wconf 87' lang='lat' dir='ltr'>velut</span> <span class='ocrx_word' id='word_1_133' title='bbox 1077 2105 1322 2174; x_wconf 82' lang='lat' dir='ltr'>VITROVIVS</span> <span class='ocrx_word' id='word_1_134' title='bbox 1346 2105 1450 2173; x_wconf 69' lang='lat' dir='ltr'>VOL</span> 
     </span>
    </p>
   </div>
   <div class='ocr_carea' id='block_1_5' title="bbox 179 2219 1452 2422">
    <p class='ocr_par' dir='ltr' id='par_1_7' title="bbox 179 2219 1452 2422">
     <span class='ocr_line' id='line_1_18' title="bbox 179 2219 1452 2308; baseline -0.005 -18"><span class='ocrx_word' id='word_1_135' title='bbox 179 2219 182 2226; x_wconf 71' lang='grc'><strong>’</strong></span> <span class='ocrx_word' id='word_1_136' title='bbox 243 2219 351 2304; x_wconf 81' lang='lat' dir='ltr'>GVS,</span> <span class='ocrx_word' id='word_1_137' title='bbox 369 2221 442 2286; x_wconf 90' lang='lat' dir='ltr'>inde</span> <span class='ocrx_word' id='word_1_138' title='bbox 464 2221 503 2284; x_wconf 88' lang='lat' dir='ltr'>ab</span> <span class='ocrx_word' id='word_1_139' title='bbox 524 2221 688 2305; x_wconf 83' lang='lat' dir='ltr'>Augustae</span> <span class='ocrx_word' id='word_1_140' title='bbox 710 2220 776 2284; x_wconf 88' lang='lat' dir='ltr'>fere</span> <span class='ocrx_word' id='word_1_141' title='bbox 800 2229 898 2286; x_wconf 87' lang='lat' dir='ltr'>aetate</span> <span class='ocrx_word' id='word_1_142' title='bbox 916 2220 948 2284; x_wconf 88' lang='lat' dir='ltr'>V</span> <span class='ocrx_word' id='word_1_143' title='bbox 968 2220 1069 2286; x_wconf 89' lang='lat' dir='ltr'>vocali</span> <span class='ocrx_word' id='word_1_144' title='bbox 1089 2221 1134 2286; x_wconf 90' lang='lat' dir='ltr'>uti</span> <span class='ocrx_word' id='word_1_145' title='bbox 1154 2230 1338 2308; x_wconf 90' lang='lat' dir='ltr'>coeperunt,</span> <span class='ocrx_word' id='word_1_146' title='bbox 1365 2221 1452 2285; x_wconf 79' lang='lat' dir='ltr'>velut</span> 
     </span>
     <span class='ocr_line' id='line_1_19' title="bbox 243 2331 1451 2422; baseline -0.002 -20"><span class='ocrx_word' id='word_1_147' title='bbox 243 2332 488 2402; x_wconf 85' lang='lat' dir='ltr'>VITRVVIVS</span> <span class='ocrx_word' id='word_1_148' title='bbox 510 2331 702 2402; x_wconf 76' lang='lat' dir='ltr'><strong>VVLGVS.</strong></span> <span class='ocrx_word' id='word_1_149' title='bbox 742 2333 865 2398; x_wconf 86' lang='lat' dir='ltr'>Idcirco</span> <span class='ocrx_word' id='word_1_150' title='bbox 891 2331 1039 2399; x_wconf 84' lang='lat' dir='ltr'>Claudius</span> <span class='ocrx_word' id='word_1_151' title='bbox 1068 2335 1108 2400; x_wconf 90' lang='lat' dir='ltr'>ad</span> <span class='ocrx_word' id='word_1_152' title='bbox 1135 2357 1204 2402; x_wconf 88' lang='lat' dir='ltr'>eam</span> <span class='ocrx_word' id='word_1_153' title='bbox 1233 2333 1451 2422; x_wconf 85' lang='lat' dir='ltr'>cogitationem</span> 
     </span>
    </p>
   </div>
   <div class='ocr_carea' id='block_1_6' title="bbox 243 2448 1546 4594">
    <p class='ocr_par' dir='ltr' id='par_1_8' title="bbox 243 2448 1546 4480">
     <span class='ocr_line' id='line_1_20' title="bbox 243 2448 1452 2536; baseline -0.003 -20"><span class='ocrx_word' id='word_1_154' title='bbox 243 2452 392 2517; x_wconf 88' lang='lat' dir='ltr'>deductus</span> <span class='ocrx_word' id='word_1_155' title='bbox 412 2459 472 2532; x_wconf 90' lang='lat' dir='ltr'>est,</span> <span class='ocrx_word' id='word_1_156' title='bbox 498 2457 533 2514; x_wconf 91' lang='lat' dir='ltr'>ut</span> <span class='ocrx_word' id='word_1_157' title='bbox 559 2469 673 2514; x_wconf 90' lang='lat' dir='ltr'>novam</span> <span class='ocrx_word' id='word_1_158' title='bbox 700 2448 833 2512; x_wconf 89' lang='lat' dir='ltr'>formam</span> <span class='ocrx_word' id='word_1_159' title='bbox 858 2448 1011 2514; x_wconf 85' lang='lat' dir='ltr'>inveniret</span> <span class='ocrx_word' id='word_1_160' title='bbox 1031 2469 1092 2534; x_wconf 90' lang='lat' dir='ltr'>qua</span> <span class='ocrx_word' id='word_1_161' title='bbox 1111 2449 1143 2513; x_wconf 91' lang='lat' dir='ltr'>V</span> <span class='ocrx_word' id='word_1_162' title='bbox 1164 2470 1336 2515; x_wconf 85' lang='lat' dir='ltr'>consonans</span> <span class='ocrx_word' id='word_1_163' title='bbox 1356 2449 1452 2536; x_wconf 88' lang='lat' dir='ltr'>signi-</span> 
     </span>
     <span class='ocr_line' id='line_1_21' title="bbox 243 2561 1452 2650; baseline -0.003 -18"><span class='ocrx_word' id='word_1_164' title='bbox 243 2567 395 2632; x_wconf 88' lang='lat' dir='ltr'>ficaretur.</span> <span class='ocrx_word' id='word_1_165' title='bbox 436 2564 536 2650; x_wconf 89' lang='lat' dir='ltr'>Atqui</span> <span class='ocrx_word' id='word_1_166' title='bbox 555 2583 625 2626; x_wconf 88' lang='lat' dir='ltr'>eum</span> <span class='ocrx_word' id='word_1_167' title='bbox 646 2561 674 2628; x_wconf 82' lang='lat' dir='ltr'><strong>F</strong></span> <span class='ocrx_word' id='word_1_168' title='bbox 695 2562 874 2648; x_wconf 85' lang='lat' dir='ltr'>digammon</span> <span class='ocrx_word' id='word_1_169' title='bbox 895 2584 975 2648; x_wconf 91' lang='lat' dir='ltr'>quae</span> <span class='ocrx_word' id='word_1_170' title='bbox 996 2563 1078 2650; x_wconf 91' lang='lat' dir='ltr'>apud</span> <span class='ocrx_word' id='word_1_171' title='bbox 1100 2562 1238 2630; x_wconf 84' lang='lat' dir='ltr'>Graecos</span> <span class='ocrx_word' id='word_1_172' title='bbox 1257 2564 1452 2649; x_wconf 87' lang='lat' dir='ltr'>relicuosque</span> 
     </span>
     <span class='ocr_line' id='line_1_22' title="bbox 243 2676 1453 2763; baseline -0.006 -15"><span class='ocrx_word' id='word_1_173' title='bbox 243 2680 340 2748; x_wconf 86' lang='lat' dir='ltr'>Italos</span> <span class='ocrx_word' id='word_1_174' title='bbox 360 2678 406 2742; x_wconf 87' lang='lat' dir='ltr'>illi</span> <span class='ocrx_word' id='word_1_175' title='bbox 425 2698 502 2744; x_wconf 88' lang='lat' dir='ltr'>sono</span> <span class='ocrx_word' id='word_1_176' title='bbox 523 2677 676 2742; x_wconf 86' lang='lat' dir='ltr'>serviebat</span> <span class='ocrx_word' id='word_1_177' title='bbox 696 2676 758 2742; x_wconf 90' lang='lat' dir='ltr'>iam</span> <span class='ocrx_word' id='word_1_178' title='bbox 779 2676 854 2741; x_wconf 92' lang='lat' dir='ltr'>olim</span> <span class='ocrx_word' id='word_1_179' title='bbox 874 2686 1059 2742; x_wconf 87' lang='lat' dir='ltr'>commutata</span> <span class='ocrx_word' id='word_1_180' title='bbox 1079 2679 1301 2763; x_wconf 87' lang='lat' dir='ltr'>significatione</span> <span class='ocrx_word' id='word_1_181' title='bbox 1319 2679 1453 2744; x_wconf 89' lang='lat' dir='ltr'>Romani</span> 
     </span>
     <span class='ocr_line' id='line_1_23' title="bbox 244 2789 1454 2880; baseline -0.002 -21"><span class='ocrx_word' id='word_1_182' title='bbox 244 2793 445 2880; x_wconf 87' lang='lat' dir='ltr'>recepissent,</span> <span class='ocrx_word' id='word_1_183' title='bbox 474 2790 745 2878; x_wconf 87' lang='lat' dir='ltr'>prudentissimum</span> <span class='ocrx_word' id='word_1_184' title='bbox 772 2789 888 2858; x_wconf 82' lang='lat' dir='ltr'>Caesar</span> <span class='ocrx_word' id='word_1_185' title='bbox 915 2793 975 2857; x_wconf 88' lang='lat' dir='ltr'>hoo</span> <span class='ocrx_word' id='word_1_186' title='bbox 1002 2793 1164 2860; x_wconf 88' lang='lat' dir='ltr'>consilium</span> <span class='ocrx_word' id='word_1_187' title='bbox 1190 2801 1312 2858; x_wconf 88' lang='lat' dir='ltr'>secutus</span> <span class='ocrx_word' id='word_1_188' title='bbox 1347 2801 1454 2858; x_wconf 90' lang='lat' dir='ltr'>estut</span> 
     </span>
     <span class='ocr_line' id='line_1_24' title="bbox 244 2904 1453 2992; baseline -0.003 -18"><span class='ocrx_word' id='word_1_189' title='bbox 244 2909 399 2974; x_wconf 88' lang='lat' dir='ltr'>inversam</span> <span class='ocrx_word' id='word_1_190' title='bbox 418 2906 446 2972; x_wconf 82' lang='lat' dir='ltr'>F</span> <span class='ocrx_word' id='word_1_191' title='bbox 466 2905 635 2970; x_wconf 87' lang='lat' dir='ltr'>induceret.</span> <span class='ocrx_word' id='word_1_192' title='bbox 665 2904 770 2983; x_wconf 89' lang='lat' dir='ltr'>Quam</span> <span class='ocrx_word' id='word_1_193' title='bbox 784 2904 991 2984; x_wconf 80' lang='lat' dir='ltr'>Quintilianus</span> <span class='ocrx_word' id='word_1_194' title='bbox 1012 2907 1137 2992; x_wconf 88' lang='lat' dir='ltr'>quidem</span> <span class='ocrx_word' id='word_1_195' title='bbox 1150 2907 1312 2972; x_wconf 86' lang='lat' dir='ltr'>Aeolicam</span> <span class='ocrx_word' id='word_1_196' title='bbox 1332 2907 1453 2974; x_wconf 86' lang='lat' dir='ltr'>literam</span> 
     </span>
     <span class='ocr_line' id='line_1_25' title="bbox 245 3019 1453 3110; baseline -0.003 -22"><span class='ocrx_word' id='word_1_197' title='bbox 245 3044 302 3110; x_wconf 90' lang='lat' dir='ltr'>per</span> <span class='ocrx_word' id='word_1_198' title='bbox 322 3019 488 3107; x_wconf 91' lang='lat' dir='ltr'>eloquendi</span> <span class='ocrx_word' id='word_1_199' title='bbox 509 3019 669 3084; x_wconf 85' lang='lat' dir='ltr'>circuitum</span> <span class='ocrx_word' id='word_1_200' title='bbox 690 3019 825 3101; x_wconf 84' lang='lat' dir='ltr'>vocavit,</span> <span class='ocrx_word' id='word_1_201' title='bbox 852 3041 961 3084; x_wconf 86' lang='lat' dir='ltr'>verum</span> <span class='ocrx_word' id='word_1_202' title='bbox 984 3019 1142 3106; x_wconf 88' lang='lat' dir='ltr'>digamma</span> <span class='ocrx_word' id='word_1_203' title='bbox 1169 3021 1354 3107; x_wconf 87' lang='lat' dir='ltr'>appellatam</span> <span class='ocrx_word' id='word_1_204' title='bbox 1385 3041 1453 3088; x_wconf 87' lang='lat' dir='ltr'>esse</span> 
     </span>
     <span class='ocr_line' id='line_1_26' title="bbox 247 3132 1454 3223; baseline -0.003 -21"><span class='ocrx_word' id='word_1_205' title='bbox 247 3137 359 3202; x_wconf 71' lang='lat' dir='ltr'>duerte</span> <span class='ocrx_word' id='word_1_206' title='bbox 380 3134 501 3201; x_wconf 80' lang='lat' dir='ltr'>Gellius</span> <span class='ocrx_word' id='word_1_207' title='bbox 521 3133 663 3198; x_wconf 85' lang='lat' dir='ltr'>affirmat</span> <span class='ocrx_word' id='word_1_208' title='bbox 706 3132 746 3196; x_wconf 91' lang='lat' dir='ltr'>In</span> <span class='ocrx_word' id='word_1_209' title='bbox 766 3142 924 3220; x_wconf 89' lang='lat' dir='ltr'>posterum</span> <span class='ocrx_word' id='word_1_210' title='bbox 951 3134 1046 3220; x_wconf 85' lang='lat' dir='ltr'>igitur</span> <span class='ocrx_word' id='word_1_211' title='bbox 1066 3135 1172 3202; x_wconf 88' lang='lat' dir='ltr'>doctos</span> <span class='ocrx_word' id='word_1_212' title='bbox 1192 3135 1276 3202; x_wconf 89' lang='lat' dir='ltr'>viros</span> <span class='ocrx_word' id='word_1_213' title='bbox 1296 3156 1454 3223; x_wconf 88' lang='lat' dir='ltr'>speramus</span> 
     </span>
     <span class='ocr_line' id='line_1_27' title="bbox 246 3247 1455 3336; baseline -0.003 -20"><span class='ocrx_word' id='word_1_214' title='bbox 246 3252 315 3318; x_wconf 83' lang='lat' dir='ltr'>iore</span> <span class='ocrx_word' id='word_1_215' title='bbox 335 3249 496 3315; x_wconf 75' lang='lat' dir='ltr'>destitues</span> <span class='ocrx_word' id='word_1_216' title='bbox 524 3247 682 3333; x_wconf 86' lang='lat' dir='ltr'>digamma</span> <span class='ocrx_word' id='word_1_217' title='bbox 709 3269 859 3334; x_wconf 89' lang='lat' dir='ltr'>usurpare</span> <span class='ocrx_word' id='word_1_218' title='bbox 877 3247 1059 3331; x_wconf 87' lang='lat' dir='ltr'>Aeolicum,</span> <span class='ocrx_word' id='word_1_219' title='bbox 1088 3249 1172 3335; x_wconf 92' lang='lat' dir='ltr'>quod</span> <span class='ocrx_word' id='word_1_220' title='bbox 1200 3271 1315 3320; x_wconf 86' lang='lat' dir='ltr'>nomeu</span> <span class='ocrx_word' id='word_1_221' title='bbox 1342 3259 1372 3314; x_wconf 88' lang='lat' dir='ltr'>et</span> <span class='ocrx_word' id='word_1_222' title='bbox 1398 3269 1455 3336; x_wconf 88' lang='lat' dir='ltr'>per</span> 
     </span>
     <span class='ocr_line' id='line_1_28' title="bbox 248 3362 1454 3449; baseline -0.003 -19"><span class='ocrx_word' id='word_1_223' title='bbox 248 3384 282 3430; x_wconf 88' lang='lat' dir='ltr'>se</span> <span class='ocrx_word' id='word_1_224' title='bbox 301 3363 413 3430; x_wconf 87' lang='lat' dir='ltr'>falsum</span> <span class='ocrx_word' id='word_1_225' title='bbox 433 3371 479 3429; x_wconf 88' lang='lat' dir='ltr'>cst</span> <span class='ocrx_word' id='word_1_226' title='bbox 498 3382 599 3447; x_wconf 91' lang='lat' dir='ltr'>neque</span> <span class='ocrx_word' id='word_1_227' title='bbox 618 3362 796 3428; x_wconf 85' lang='lat' dir='ltr'>auctoritate</span> <span class='ocrx_word' id='word_1_228' title='bbox 816 3362 942 3428; x_wconf 85' lang='lat' dir='ltr'>fulcitur</span> <span class='ocrx_word' id='word_1_229' title='bbox 962 3363 1022 3427; x_wconf 89' lang='lat' dir='ltr'>nisi</span> <span class='ocrx_word' id='word_1_230' title='bbox 1042 3363 1085 3428; x_wconf 89' lang='lat' dir='ltr'>M.</span> <span class='ocrx_word' id='word_1_231' title='bbox 1107 3363 1227 3430; x_wconf 90' lang='lat' dir='ltr'>Valerii</span> <span class='ocrx_word' id='word_1_232' title='bbox 1245 3363 1342 3430; x_wconf 89' lang='lat' dir='ltr'>Probi</span> <span class='ocrx_word' id='word_1_233' title='bbox 1362 3384 1454 3449; x_wconf 86' lang='lat' dir='ltr'>quern</span> 
     </span>
     <span class='ocr_line' id='line_1_29' title="bbox 248 3475 1546 3563; baseline -0.002 -17"><span class='ocrx_word' id='word_1_234' title='bbox 248 3480 354 3546; x_wconf 87' lang='lat' dir='ltr'>dicunt</span> <span class='ocrx_word' id='word_1_235' title='bbox 381 3478 437 3543; x_wconf 91' lang='lat' dir='ltr'>‘dc</span> <span class='ocrx_word' id='word_1_236' title='bbox 467 3477 561 3543; x_wconf 87' lang='lat' dir='ltr'>notis‘</span> <span class='ocrx_word' id='word_1_237' title='bbox 588 3499 659 3563; x_wconf 85' lang='lat' dir='ltr'>pag.</span> <span class='ocrx_word' id='word_1_238' title='bbox 689 3477 770 3542; x_wconf 73' lang='lat'>1507</span> <span class='ocrx_word' id='word_1_239' title='bbox 804 3476 930 3542; x_wconf 89' lang='lat' dir='ltr'>Putsoh.</span> <span class='ocrx_word' id='word_1_240' title='bbox 974 3477 1017 3542; x_wconf 69' lang='lat' dir='ltr'>‘d</span> <span class='ocrx_word' id='word_1_241' title='bbox 1047 3499 1105 3563; x_wconf 92' lang='lat' dir='ltr'>pro</span> <span class='ocrx_word' id='word_1_242' title='bbox 1128 3477 1158 3540; x_wconf 93' lang='lat' dir='ltr'>V</span> <span class='ocrx_word' id='word_1_243' title='bbox 1179 3523 1188 3540; x_wconf 86' lang='lat'><strong>.</strong></span> <span class='ocrx_word' id='word_1_244' title='bbox 1210 3487 1244 3543; x_wconf 91' lang='lat' dir='ltr'>ut</span> <span class='ocrx_word' id='word_1_245' title='bbox 1265 3475 1453 3545; x_wconf 74' lang='lat' dir='ltr'>SERovs.</span> <span class='ocrx_word' id='word_1_246' title='bbox 1545 3545 1546 3558; x_wconf 54' lang='grc'>,</span> 
     </span>
     <span class='ocr_line' id='line_1_30' title="bbox 250 3589 1455 3678; baseline -0.006 -18"><span class='ocrx_word' id='word_1_247' title='bbox 250 3590 427 3660; x_wconf 73' lang='lat' dir='ltr'>eVLGvS</span> <span class='ocrx_word' id='word_1_248' title='bbox 454 3637 461 3654; x_wconf 89' lang='lat'><strong>.</strong></span> <span class='ocrx_word' id='word_1_249' title='bbox 492 3589 616 3656; x_wconf 75' lang='lat' dir='ltr'>rum</span> <span class='ocrx_word' id='word_1_250' title='bbox 643 3611 730 3677; x_wconf 87' lang='lat' dir='ltr'>.prc</span> <span class='ocrx_word' id='word_1_251' title='bbox 759 3611 866 3656; x_wconf 85' lang='lat' dir='ltr'>servus</span> <span class='ocrx_word' id='word_1_252' title='bbox 894 3639 901 3654; x_wconf 96' lang='lat'><strong>.</strong></span> <span class='ocrx_word' id='word_1_253' title='bbox 930 3591 1044 3678; x_wconf 86' lang='lat' dir='ltr'>vulgus</span> <span class='ocrx_word' id='word_1_254' title='bbox 1070 3638 1078 3654; x_wconf 90' lang='lat'><strong>.</strong></span> <span class='ocrx_word' id='word_1_255' title='bbox 1108 3590 1186 3658; x_wconf 80' lang='lat' dir='ltr'>vixit</span> <span class='ocrx_word' id='word_1_256' title='bbox 1212 3637 1221 3654; x_wconf 88' lang='lat'>.</span> <span class='ocrx_word' id='word_1_257' title='bbox 1249 3599 1279 3656; x_wconf 91' lang='lat' dir='ltr'>et</span> <span class='ocrx_word' id='word_1_258' title='bbox 1299 3591 1455 3676; x_wconf 89' lang='lat' dir='ltr'>digamma</span> 
     </span>
     <span class='ocr_line' id='line_1_31' title="bbox 250 3703 1454 3794; baseline -0.005 -20"><span class='ocrx_word' id='word_1_259' title='bbox 250 3708 416 3774; x_wconf 86' lang='lat' dir='ltr'>Aeolicum</span> <span class='ocrx_word' id='word_1_260' title='bbox 436 3705 622 3794; x_wconf 85' lang='lat' dir='ltr'>appellatur’</span> <span class='ocrx_word' id='word_1_261' title='bbox 645 3712 675 3768; x_wconf 84' lang='lat' dir='ltr'>et</span> <span class='ocrx_word' id='word_1_262' title='bbox 693 3703 779 3770; x_wconf 87' lang='lat' dir='ltr'>Petri</span> <span class='ocrx_word' id='word_1_263' title='bbox 801 3705 921 3770; x_wconf 90' lang='lat' dir='ltr'>diaconi</span> <span class='ocrx_word' id='word_1_264' title='bbox 942 3709 1051 3772; x_wconf 86' lang='lat' dir='ltr'>‘notae</span> <span class='ocrx_word' id='word_1_265' title='bbox 1070 3705 1242 3776; x_wconf 86' lang='lat' dir='ltr'>literarum’</span> <span class='ocrx_word' id='word_1_266' title='bbox 1262 3729 1291 3793; x_wconf 90' lang='lat' dir='ltr'>p.</span> <span class='ocrx_word' id='word_1_267' title='bbox 1316 3707 1395 3772; x_wconf 78' lang='lat'>1587</span> <span class='ocrx_word' id='word_1_268' title='bbox 1417 3705 1454 3770; x_wconf 90' lang='grc' dir='ltr'>Ρ.</span> 
     </span>
     <span class='ocr_line' id='line_1_32' title="bbox 251 3817 1455 3908; baseline -0.003 -22"><span class='ocrx_word' id='word_1_269' title='bbox 251 3823 345 3887; x_wconf 83' lang='lat' dir='ltr'>‘Item</span> <span class='ocrx_word' id='word_1_270' title='bbox 370 3821 528 3907; x_wconf 86' lang='lat' dir='ltr'>digamma</span> <span class='ocrx_word' id='word_1_271' title='bbox 553 3819 719 3884; x_wconf 87' lang='lat' dir='ltr'>Aeolicum</span> <span class='ocrx_word' id='word_1_272' title='bbox 740 3817 783 3904; x_wconf 75' lang='lat' dir='ltr'>rI,</span> <span class='ocrx_word' id='word_1_273' title='bbox 811 3829 846 3884; x_wconf 92' lang='lat' dir='ltr'>ut</span> <span class='ocrx_word' id='word_1_274' title='bbox 871 3821 904 3884; x_wconf 93' lang='lat' dir='ltr'>in</span> <span class='ocrx_word' id='word_1_275' title='bbox 928 3820 1033 3885; x_wconf 90' lang='lat' dir='ltr'>multis</span> <span class='ocrx_word' id='word_1_276' title='bbox 1061 3820 1210 3908; x_wconf 87' lang='lat' dir='ltr'>sepulcris</span> <span class='ocrx_word' id='word_1_277' title='bbox 1233 3867 1241 3882; x_wconf 92' lang='lat'><strong>.</strong></span> <span class='ocrx_word' id='word_1_278' title='bbox 1263 3817 1455 3886; x_wconf 69' lang='lat' dir='ltr'>SERdVS.</span> 
     </span>
     <span class='ocr_line' id='line_1_33' title="bbox 252 3932 1456 4034; baseline -0.006 -30"><span class='ocrx_word' id='word_1_279' title='bbox 252 3933 430 4004; x_wconf 73' lang='lat' dir='ltr'>rIVLGVS</span> <span class='ocrx_word' id='word_1_280' title='bbox 449 3982 457 3997; x_wconf 91' lang='lat'><strong>.</strong></span> <span class='ocrx_word' id='word_1_281' title='bbox 479 3932 596 4000; x_wconf 73' lang='lat' dir='ltr'>nALE</span> <span class='ocrx_word' id='word_1_282' title='bbox 618 3979 626 3998; x_wconf 85' lang='lat'>.</span> <span class='ocrx_word' id='word_1_283' title='bbox 649 3933 793 4007; x_wconf 68' lang='lat' dir='ltr'>amr!</span> <span class='ocrx_word' id='word_1_284' title='bbox 842 3933 908 4001; x_wconf 80' lang='lat' dir='ltr'>Sed</span> <span class='ocrx_word' id='word_1_285' title='bbox 930 3936 1028 4034; x_wconf 64' lang='lat' dir='ltr'>tidem</span> <span class='ocrx_word' id='word_1_286' title='bbox 1054 3935 1103 4000; x_wconf 86' lang='lat' dir='ltr'>his</span> <span class='ocrx_word' id='word_1_287' title='bbox 1132 3944 1275 4000; x_wconf 89' lang='lat' dir='ltr'>notarum</span> <span class='ocrx_word' id='word_1_288' title='bbox 1303 3955 1456 4002; x_wconf 88' lang='lat' dir='ltr'>commen-</span> 
     </span>
     <span class='ocr_line' id='line_1_34' title="bbox 252 4049 1458 4138; baseline -0.003 -20"><span class='ocrx_word' id='word_1_289' title='bbox 252 4052 336 4118; x_wconf 86' lang='lat' dir='ltr'>tariis</span> <span class='ocrx_word' id='word_1_290' title='bbox 356 4059 519 4138; x_wconf 88' lang='lat' dir='ltr'>propterea</span> <span class='ocrx_word' id='word_1_291' title='bbox 539 4049 727 4134; x_wconf 84' lang='lat' dir='ltr'>denegamus</span> <span class='ocrx_word' id='word_1_292' title='bbox 748 4049 833 4136; x_wconf 92' lang='lat' dir='ltr'>quod</span> <span class='ocrx_word' id='word_1_293' title='bbox 852 4049 1075 4116; x_wconf 83' lang='lat' dir='ltr'>Mommseniue</span> <span class='ocrx_word' id='word_1_294' title='bbox 1104 4070 1203 4136; x_wconf 87' lang='lat' dir='ltr'>nuper</span> <span class='ocrx_word' id='word_1_295' title='bbox 1228 4071 1272 4116; x_wconf 33' lang='lat' dir='ltr'>ex,</span> <span class='ocrx_word' id='word_1_296' title='bbox 1288 4049 1458 4136; x_wconf 87' lang='lat' dir='ltr'>inscriptio·</span> 
     </span>
     <span class='ocr_line' id='line_1_35' title="bbox 253 4163 1458 4252; baseline 0 -22"><span class='ocrx_word' id='word_1_297' title='bbox 253 4167 342 4232; x_wconf 86' lang='lat' dir='ltr'>nibus</span> <span class='ocrx_word' id='word_1_298' title='bbox 370 4163 487 4230; x_wconf 90' lang='lat' dir='ltr'>Latinis</span> <span class='ocrx_word' id='word_1_299' title='bbox 514 4163 658 4228; x_wconf 90' lang='lat' dir='ltr'>collectos</span> <span class='ocrx_word' id='word_1_300' title='bbox 686 4164 734 4229; x_wconf 82' lang='lat' dir='ltr'>ab·</span> <span class='ocrx_word' id='word_1_301' title='bbox 753 4165 796 4230; x_wconf 90' lang='lat' dir='ltr'>eis</span> <span class='ocrx_word' id='word_1_302' title='bbox 823 4185 891 4230; x_wconf 89' lang='lat' dir='ltr'>esse</span> <span class='ocrx_word' id='word_1_303' title='bbox 913 4164 1133 4230; x_wconf 85' lang='lat' dir='ltr'>demonstravit</span> <span class='ocrx_word' id='word_1_304' title='bbox 1159 4165 1212 4252; x_wconf 93' lang='lat' dir='ltr'>qui</span> <span class='ocrx_word' id='word_1_305' title='bbox 1238 4186 1295 4251; x_wconf 88' lang='lat' dir='ltr'>per</span> <span class='ocrx_word' id='word_1_306' title='bbox 1322 4164 1458 4230; x_wconf 88' lang='lat' dir='ltr'>medium</span> 
     </span>
     <span class='ocr_line' id='line_1_36' title="bbox 254 4273 915 4366; baseline -0.003 -21"><span class='ocrx_word' id='word_1_307' title='bbox 254 4301 364 4346; x_wconf 74' lang='lat' dir='ltr'>aenam</span> <span class='ocrx_word' id='word_1_308' title='bbox 384 4277 583 4366; x_wconf 87' lang='lat' dir='ltr'>epigraphica</span> <span class='ocrx_word' id='word_1_309' title='bbox 602 4277 702 4342; x_wconf 85' lang='lat' dir='ltr'>studia</span> <span class='ocrx_word' id='word_1_310' title='bbox 722 4273 915 4344; x_wconf 81' lang='lat' dir='ltr'>exercebant</span> 
     </span>
     <span class='ocr_line' id='line_1_37' title="bbox 337 4391 1459 4480; baseline 0.003 -23"><span class='ocrx_word' id='word_1_311' title='bbox 337 4393 431 4472; x_wconf 90' lang='lat' dir='ltr'>Quali</span> <span class='ocrx_word' id='word_1_312' title='bbox 450 4391 598 4460; x_wconf 85' lang='lat' dir='ltr'>Claudius</span> <span class='ocrx_word' id='word_1_313' title='bbox 618 4394 720 4456; x_wconf 88' lang='lat' dir='ltr'>forma</span> <span class='ocrx_word' id='word_1_314' title='bbox 740 4393 896 4479; x_wconf 87' lang='lat' dir='ltr'>digamma</span> <span class='ocrx_word' id='word_1_315' title='bbox 924 4393 1064 4476; x_wconf 84' lang='lat' dir='ltr'>finxerit,</span> <span class='ocrx_word' id='word_1_316' title='bbox 1086 4394 1164 4460; x_wconf 88' lang='lat' dir='ltr'>haec</span> <span class='ocrx_word' id='word_1_317' title='bbox 1185 4393 1322 4479; x_wconf 78' lang='lat' dir='ltr'>quaestio</span> <span class='ocrx_word' id='word_1_318' title='bbox 1343 4401 1459 4480; x_wconf 89' lang='lat' dir='ltr'>quanto</span> 
     </span>
    </p>

    <p class='ocr_par' dir='ltr' id='par_1_9' title="bbox 255 4483 1546 4594">
     <span class='ocr_line' id='line_1_38' title="bbox 255 4483 1546 4594; baseline 0.001 -23"><span class='ocrx_word' id='word_1_319' title='bbox 255 4507 398 4572; x_wconf 91' lang='lat' dir='ltr'>adhunc</span> <span class='ocrx_word' id='word_1_320' title='bbox 424 4529 522 4594; x_wconf 90' lang='lat' dir='ltr'>usque</span> <span class='ocrx_word' id='word_1_321' title='bbox 550 4507 632 4572; x_wconf 93' lang='lat' dir='ltr'>diem</span> <span class='ocrx_word' id='word_1_322' title='bbox 658 4507 691 4572; x_wconf 92' lang='lat' dir='ltr'>in</span> <span class='ocrx_word' id='word_1_323' title='bbox 719 4529 825 4573; x_wconf 89' lang='lat' dir='ltr'>errore</span> <span class='ocrx_word' id='word_1_324' title='bbox 850 4518 971 4573; x_wconf 85' lang='lat' dir='ltr'>versata</span> <span class='ocrx_word' id='word_1_325' title='bbox 999 4509 1038 4572; x_wconf 90' lang='lat' dir='ltr'>sit</span> <span class='ocrx_word' id='word_1_326' title='bbox 1065 4508 1139 4576; x_wconf 89' lang='lat' dir='ltr'>inde</span> <span class='ocrx_word' id='word_1_327' title='bbox 1168 4508 1282 4592; x_wconf 80' lang='lat' dir='ltr'>elucet,</span> <span class='ocrx_word' id='word_1_328' title='bbox 1309 4507 1393 4593; x_wconf 91' lang='lat' dir='ltr'>quod</span> <span class='ocrx_word' id='word_1_329' title='bbox 1419 4527 1460 4572; x_wconf 79' lang='lat' dir='ltr'>ex</span> <span class='ocrx_word' id='word_1_330' title='bbox 1545 4483 1546 4490; x_wconf 21' lang='lat' dir='ltr'>i</span> 
     </span>
    </p>
   </div>
   <div class='ocr_carea' id='block_1_7' title="bbox 0 0 1582 5268">
    <p class='ocr_par' dir='ltr' id='par_1_10' title="bbox 0 0 1582 5268">
     <span class='ocr_line' id='line_1_39' title="bbox 0 0 1582 5268; baseline 0 0"><span class='ocrx_word' id='word_1_331' title='bbox 0 0 1582 5268; x_wconf 95' lang='lat' dir='ltr'> </span> 
     </span>
    </p>
   </div>
  </div>
 </body>
</html>
