3100 5268
559 1169 778 1256 Vita.

143 1390 242 1454 Natus
270 1414 339 1455 sum
365 1390 591 1455 Franciscus
616 1390 830 1455 Buecheler
856 1389 1079 1454 Rhenobercae
1107 1414 1134 1454 a.
1157 1391 1187 1456 d.
1211 1391 1273 1455 ΠΙ.

62 1525 161 1568 nonas
191 1505 297 1570 Iunias
325 1504 399 1570 anni
424 1481 797 1569 OIOIOOOOXXXVH
818 1514 911 1591 patre
933 1504 1072 1569 Antonio
1100 1505 1182 1589 apud
1209 1504 1274 1572 Ge

62 1619 193 1684 ehenses
213 1641 296 1683 nuno
315 1618 432 1699 iudice,
459 1626 557 1681 matre
581 1617 744 1683 Dorothea
768 1616 983 1683 Hebestreitia.
1026 1615 1115 1680 Fidei
1137 1617 1274 1680 addictus

62 1755 135 1796 sum
156 1733 335 1798 catholicae.
376 1731 590 1817 Ingenuarum
608 1733 767 1797 elementis
789 1731 901 1796 artium
921 1756 940 1795 a
960 1730 1093 1817 Iosepho
1116 1731 1275 1818 Orumpio,

65 1847 133 1910 viro
167 1847 200 1909 in
227 1847 334 1932 primis
363 1844 510 1927 colendo,
537 1845 678 1909 'imbutus
713 1845 885 1932 gymnasiis
917 1854 1060 1930 quattuor
1094 1867 1150 1931 per
1176 1867 1275 1910 annos
1320 1905 1321 1908 ,

62 1959 264 2024 Essendiensi
293 1968 323 2026 et
351 1958 499 2025 Oliviensi
526 1960 649 2040 utebar,
678 1959 731 2022 ubi
752 1980 829 2044 quos
849 1961 1062 2048 praeceptores
1085 1960 1275 2024 doctissimos

64 2074 341 2160 integerrimosque
361 2083 507 2162 patronos
529 2081 674 2159 expertus
703 2095 787 2154 sum,
815 2051 930 2139 Baueri
959 2073 1168 2142 Cadenbachii
1195 2073 1276 2154 Flei-

63 2189 166 2253 seheri
185 2187 326 2252 Helmkii
346 2188 466 2253 Tibusii
486 2185 645 2271 Wilhergi
665 2186 792 2250 nomina
810 2196 900 2272 grato
929 2209 1052 2275 semper
1077 2188 1180 2252 animo
1206 2209 1276 2274 pro·

64 2325 187 2388 sequar.
233 2304 330 2366 Anno
363 2297 633 2367 OIOIOOOOLH
660 2310 792 2367 exeunte
822 2300 1019 2366 humanitatis
1046 2305 1153 2368 studiis
1185 2315 1277 2390 atque

65 2419 225 2482 literarum
246 2418 441 2503 antiquarum
462 2435 514 2478 me
533 2414 700 2479 traditurus
721 2414 753 2478 in
773 2415 959 2480 Rhenanam
986 2418 1067 2480 hano
1088 2417 1277 2480 academiam

65 2533 215 2618 migravi,
236 2530 494 2618 philologicarum
522 2527 680 2614 copiarum
700 2531 789 2616 quasi
808 2551 920 2595 arcem.
962 2531 1025 2594 Per
1044 2533 1154 2618 septies
1175 2541 1277 2596 autem

65 2669 123 2712 sex
143 2667 265 2710 menses
288 2665 414 2730 operam
435 2641 507 2706 dedi
526 2641 700 2728 Bemaysio
720 2645 861 2710 Bnmnio
890 2643 1024 2710 caruero
1049 2645 1142 2709 Delio
1169 2644 1277 2708 Heim-

65 2759 185 2825 soethio
218 2757 329 2822 Iahnio
362 2755 522 2820 Knoodtio
556 2754 716 2824 Loebellio
751 2757 926 2824 Monnardo
960 2758 1127 2824 Ritschelio
1158 2759 1277 2825 Rittcro

67 2871 241 2940 Schmidtio
271 2868 437 2957 Schopeno
464 2871 644 2938 Welckero.
694 2873 782 2950 Quos
808 2874 892 2938 viros
919 2873 1044 2960 egregie
1072 2873 1111 2936 de
1138 2894 1190 2937 me
1215 2894 1278 2938 me·

66 2989 142 3052 ritos
171 3009 237 3052 esse
265 3008 329 3050 non
356 2985 545 3050 mediocrem
577 2988 680 3051 animo
718 2987 908 3074 voluptatem
943 2987 1010 3074 cepi
1045 2987 1129 3073 quod
1156 2987 1279 3073 publice

65 3103 199 3166 testandi
217 3123 300 3164 nunc
319 3100 396 3162 mihi
415 3108 549 3186 potestas
570 3101 651 3165 facta
672 3109 726 3167 est.
772 3101 944 3166 Maximam
964 3123 1038 3166 vero
1060 3101 1193 3186 gratiam
1212 3111 1278 3166 mm

66 3216 232 3282 Welckero
255 3223 285 3278 et
305 3212 474 3278 Ritschelio
502 3216 602 3282 habeo
624 3217 677 3302 qui
700 3216 745 3281 ad‘
760 3215 838 3300 regii
864 3215 1096 3302 philologorum
1123 3215 1279 3280 seminarii

66 3329 260 3393 sodalitatem
281 3327 401 3392 duobus
421 3330 508 3392 annis
530 3331 643 3394 abhinc
664 3330 777 3395 eximia
801 3351 851 3395 me
878 3329 1093 3394 benevolentia
1113 3327 1279 3416 adscripse-

67 3443 146 3525 rint,
166 3454 233 3507 tum
261 3440 427 3528 Schopeno
456 3451 487 3506 et
513 3443 624 3508 Iahnio
652 3443 705 3528 qui
731 3465 885 3530 propensa
911 3443 1068 3508 voluntate
1089 3451 1119 3509 et
1140 3454 1279 3510 auctores
1318 3515 1324 3526 ,

68 3557 268 3623 consiliorum
288 3564 319 3622 et
339 3556 493 3621 adiutores
514 3557 590 3620 mihi
610 3541 788 3622 exstiterint.
