<?xml version="1.0" encoding="UTF-8"?>
<!DOCTYPE html PUBLIC "-//W3C//DTD XHTML 1.0 Transitional//EN"
    "http://www.w3.org/TR/xhtml1/DTD/xhtml1-transitional.dtd">
<html xmlns="http://www.w3.org/1999/xhtml" xml:lang="en" lang="en">
 <head>
  <title>
</title>
<meta http-equiv="Content-Type" content="text/html;charset=utf-8" />
  <meta name='ocr-system' content='tesseract 3.04.00' />
  <meta name='ocr-capabilities' content='ocr_page ocr_carea ocr_par ocr_line ocrx_word'/>
</head>
<body>
  <div class='ocr_page' id='page_1' title='image "./deticlavdiocaes01buecgoog_0024.png"; bbox 0 0 3100 5268; ppageno 0'>
   <div class='ocr_carea' id='block_1_1' title="bbox 840 299 885 374">
    <p class='ocr_par' dir='ltr' id='par_1_1' title="bbox 840 299 885 374">
     <span class='ocr_line' id='line_1_1' title="bbox 840 299 885 374; baseline 0.044 -2"><span class='ocrx_word' id='word_1_1' title='bbox 840 299 885 374; x_wconf 81' lang='grc'>20</span> 
     </span>
    </p>
   </div>
   <div class='ocr_carea' id='block_1_2' title="bbox 169 513 1471 1290">
    <p class='ocr_par' dir='ltr' id='par_1_2' title="bbox 169 513 1471 1290">
     <span class='ocr_line' id='line_1_2' title="bbox 255 513 1471 601; baseline -0.006 -20"><span class='ocrx_word' id='word_1_2' title='bbox 255 518 388 583; x_wconf 90' lang='lat' dir='ltr'>mediam</span> <span class='ocrx_word' id='word_1_3' title='bbox 414 518 495 582; x_wconf 86' lang='lat' dir='ltr'>inter</span> <span class='ocrx_word' id='word_1_4' title='bbox 519 517 547 584; x_wconf 84' lang='grc' dir='ltr'><strong>Ε</strong></span> <span class='ocrx_word' id='word_1_5' title='bbox 577 517 660 599; x_wconf 85' lang='lat' dir='ltr'>etl,</span> <span class='ocrx_word' id='word_1_6' title='bbox 689 517 748 580; x_wconf 94' lang='lat' dir='ltr'>hoc</span> <span class='ocrx_word' id='word_1_7' title='bbox 776 539 872 581; x_wconf 90' lang='lat' dir='ltr'>unum</span> <span class='ocrx_word' id='word_1_8' title='bbox 896 517 973 581; x_wconf 91' lang='lat' dir='ltr'>libet</span> <span class='ocrx_word' id='word_1_9' title='bbox 1003 535 1151 601; x_wconf 88' lang='lat' dir='ltr'>quaerore</span> <span class='ocrx_word' id='word_1_10' title='bbox 1179 535 1253 578; x_wconf 90' lang='lat' dir='ltr'>num</span> <span class='ocrx_word' id='word_1_11' title='bbox 1281 513 1471 599; x_wconf 81' lang='lat' dir='ltr'>cogitatione</span> 
     </span>
     <span class='ocr_line' id='line_1_3' title="bbox 255 629 1471 720; baseline -0.002 -23"><span class='ocrx_word' id='word_1_12' title='bbox 255 632 350 720; x_wconf 80' lang='lat' dir='ltr'>possit</span> <span class='ocrx_word' id='word_1_13' title='bbox 371 632 589 718; x_wconf 83' lang='lat' dir='ltr'>comprehendi</span> <span class='ocrx_word' id='word_1_14' title='bbox 610 631 686 696; x_wconf 89' lang='lat' dir='ltr'>duas</span> <span class='ocrx_word' id='word_1_15' title='bbox 709 653 798 696; x_wconf 88' lang='lat' dir='ltr'>voees</span> <span class='ocrx_word' id='word_1_16' title='bbox 820 653 859 695; x_wconf 86' lang='lat' dir='ltr'>ox</span> <span class='ocrx_word' id='word_1_17' title='bbox 881 632 965 697; x_wconf 91' lang='lat' dir='ltr'>omni</span> <span class='ocrx_word' id='word_1_18' title='bbox 984 640 1071 718; x_wconf 88' lang='lat' dir='ltr'>parte</span> <span class='ocrx_word' id='word_1_19' title='bbox 1093 629 1228 694; x_wconf 83' lang='lat' dir='ltr'>diversas</span> <span class='ocrx_word' id='word_1_20' title='bbox 1246 631 1330 714; x_wconf 87' lang='lat' dir='ltr'>(nam</span> <span class='ocrx_word' id='word_1_21' title='bbox 1351 650 1471 713; x_wconf 88' lang='lat' dir='ltr'>ecquae</span> 
     </span>
     <span class='ocr_line' id='line_1_4' title="bbox 255 742 1471 832; baseline -0.003 -23"><span class='ocrx_word' id='word_1_22' title='bbox 255 769 346 811; x_wconf 86' lang='lat' dir='ltr'>voees</span> <span class='ocrx_word' id='word_1_23' title='bbox 373 747 472 832; x_wconf 84' lang='lat' dir='ltr'>magis</span> <span class='ocrx_word' id='word_1_24' title='bbox 504 746 584 814; x_wconf 87' lang='lat' dir='ltr'>inter</span> <span class='ocrx_word' id='word_1_25' title='bbox 612 767 645 810; x_wconf 87' lang='lat' dir='ltr'>se</span> <span class='ocrx_word' id='word_1_26' title='bbox 672 745 819 809; x_wconf 86' lang='lat' dir='ltr'>differunt</span> <span class='ocrx_word' id='word_1_27' title='bbox 845 767 939 830; x_wconf 89' lang='lat' dir='ltr'>quam</span> <span class='ocrx_word' id='word_1_28' title='bbox 971 767 1007 809; x_wconf 88' lang='lat' dir='ltr'>ea</span> <span class='ocrx_word' id='word_1_29' title='bbox 1042 765 1120 829; x_wconf 87' lang='lat' dir='ltr'>quae</span> <span class='ocrx_word' id='word_1_30' title='bbox 1153 752 1199 807; x_wconf 89' lang='lat' dir='ltr'>cst</span> <span class='ocrx_word' id='word_1_31' title='bbox 1224 743 1305 807; x_wconf 90' lang='lat' dir='ltr'>inter</span> <span class='ocrx_word' id='word_1_32' title='bbox 1332 742 1361 806; x_wconf 86' lang='lat' dir='ltr'>E</span> <span class='ocrx_word' id='word_1_33' title='bbox 1391 752 1428 808; x_wconf 90' lang='lat' dir='ltr'>et</span> <span class='ocrx_word' id='word_1_34' title='bbox 1456 743 1471 805; x_wconf 95' lang='lat' dir='ltr'>l</span> 
     </span>
     <span class='ocr_line' id='line_1_5' title="bbox 255 857 1471 947; baseline -0.001 -25"><span class='ocrx_word' id='word_1_35' title='bbox 255 858 377 924; x_wconf 87' lang='lat' dir='ltr'>vocales</span> <span class='ocrx_word' id='word_1_36' title='bbox 397 861 543 947; x_wconf 85' lang='lat' dir='ltr'>ambigua</span> <span class='ocrx_word' id='word_1_37' title='bbox 564 868 595 924; x_wconf 88' lang='lat' dir='ltr'>et</span> <span class='ocrx_word' id='word_1_38' title='bbox 614 879 651 924; x_wconf 84' lang='lat' dir='ltr'>ea</span> <span class='ocrx_word' id='word_1_39' title='bbox 672 881 752 946; x_wconf 91' lang='lat' dir='ltr'>quae</span> <span class='ocrx_word' id='word_1_40' title='bbox 774 867 819 922; x_wconf 85' lang='lat' dir='ltr'>cst</span> <span class='ocrx_word' id='word_1_41' title='bbox 839 859 919 923; x_wconf 90' lang='lat' dir='ltr'>inter</span> <span class='ocrx_word' id='word_1_42' title='bbox 929 858 960 921; x_wconf 89' lang='lat' dir='ltr'>V</span> <span class='ocrx_word' id='word_1_43' title='bbox 972 867 1002 922; x_wconf 89' lang='lat' dir='ltr'>et</span> <span class='ocrx_word' id='word_1_44' title='bbox 1021 857 1074 942; x_wconf 76' lang='lat' dir='ltr'>It)</span> <span class='ocrx_word' id='word_1_45' title='bbox 1090 858 1165 921; x_wconf 85' lang='lat' dir='ltr'>duaa</span> <span class='ocrx_word' id='word_1_46' title='bbox 1185 857 1279 942; x_wconf 82' lang='lat' dir='ltr'>igitur</span> <span class='ocrx_word' id='word_1_47' title='bbox 1299 857 1355 920; x_wconf 86' lang='lat' dir='ltr'>has</span> <span class='ocrx_word' id='word_1_48' title='bbox 1372 879 1471 921; x_wconf 77' lang='lat' dir='ltr'>voces</span> 
     </span>
     <span class='ocr_line' id='line_1_6' title="bbox 169 969 1471 1058; baseline -0.003 -20"><span class='ocrx_word' id='word_1_49' title='bbox 169 1027 171 1031; x_wconf 68' lang='lat'>,</span> <span class='ocrx_word' id='word_1_50' title='bbox 256 971 421 1038; x_wconf 82' lang='lat' dir='ltr'>Claudium</span> <span class='ocrx_word' id='word_1_51' title='bbox 442 974 535 1040; x_wconf 87' lang='lat' dir='ltr'>scribi</span> <span class='ocrx_word' id='word_1_52' title='bbox 552 974 641 1038; x_wconf 88' lang='lat' dir='ltr'>litera</span> <span class='ocrx_word' id='word_1_53' title='bbox 662 975 795 1039; x_wconf 74' lang='lat' dir='ltr'>voluisse</span> <span class='ocrx_word' id='word_1_54' title='bbox 812 995 874 1037; x_wconf 91' lang='lat' dir='ltr'>una</span> <span class='ocrx_word' id='word_1_55' title='bbox 894 982 926 1037; x_wconf 86' lang='lat' dir='ltr'>et</span> <span class='ocrx_word' id='word_1_56' title='bbox 943 971 1075 1038; x_wconf 80' lang='lat' dir='ltr'>cadem‘l</span> <span class='ocrx_word' id='word_1_57' title='bbox 1106 969 1214 1037; x_wconf 76' lang='lat' dir='ltr'>Simile</span> <span class='ocrx_word' id='word_1_58' title='bbox 1233 971 1328 1056; x_wconf 84' lang='lat' dir='ltr'>igitm</span> <span class='ocrx_word' id='word_1_59' title='bbox 1348 971 1471 1058; x_wconf 89' lang='lat' dir='ltr'>aliquid</span> 
     </span>
     <span class='ocr_line' id='line_1_7' title="bbox 254 1087 1471 1174; baseline 0 -24"><span class='ocrx_word' id='word_1_60' title='bbox 254 1097 418 1174; x_wconf 86' lang='lat' dir='ltr'>antequam</span> <span class='ocrx_word' id='word_1_61' title='bbox 438 1097 709 1170; x_wconf 74' lang='lat' dir='ltr'><strong>commonstretur,</strong></span> <span class='ocrx_word' id='word_1_62' title='bbox 731 1097 836 1152; x_wconf 82' lang='lat' dir='ltr'>nostm</span> <span class='ocrx_word' id='word_1_63' title='bbox 856 1088 950 1152; x_wconf 89' lang='lat' dir='ltr'>credo</span> <span class='ocrx_word' id='word_1_64' title='bbox 970 1088 1037 1152; x_wconf 87' lang='lat' dir='ltr'>iure</span> <span class='ocrx_word' id='word_1_65' title='bbox 1051 1087 1110 1150; x_wconf 90' lang='lat' dir='ltr'>hac</span> <span class='ocrx_word' id='word_1_66' title='bbox 1126 1107 1161 1150; x_wconf 88' lang='lat' dir='ltr'>re</span> <span class='ocrx_word' id='word_1_67' title='bbox 1178 1087 1346 1172; x_wconf 81' lang='lat' dir='ltr'><strong>poterimus</strong></span> <span class='ocrx_word' id='word_1_68' title='bbox 1360 1107 1471 1174; x_wconf 85' lang='lat' dir='ltr'>super·</span> 
     </span>
     <span class='ocr_line' id='line_1_8' title="bbox 255 1199 1367 1290; baseline -0.004 -22"><span class='ocrx_word' id='word_1_69' title='bbox 255 1203 362 1268; x_wconf 87' lang='lat' dir='ltr'>sedere</span> <span class='ocrx_word' id='word_1_70' title='bbox 381 1212 416 1268; x_wconf 91' lang='lat' dir='ltr'>ut</span> <span class='ocrx_word' id='word_1_71' title='bbox 434 1203 574 1290; x_wconf 86' lang='lat' dir='ltr'>pluribus</span> <span class='ocrx_word' id='word_1_72' title='bbox 597 1203 729 1271; x_wconf 86' lang='lat' dir='ltr'>Brotieri</span> <span class='ocrx_word' id='word_1_73' title='bbox 751 1199 950 1287; x_wconf 77' lang='lat' dir='ltr'>Scyiertique</span> <span class='ocrx_word' id='word_1_74' title='bbox 971 1201 1147 1287; x_wconf 81' lang='lat' dir='ltr'><strong>opinionem</strong></span> <span class='ocrx_word' id='word_1_75' title='bbox 1167 1201 1367 1265; x_wconf 81' lang='lat' dir='ltr'>eonfirtemus.</span> 
     </span>
    </p>
   </div>
   <div class='ocr_carea' id='block_1_3' title="bbox 708 1466 1011 1482">
    <p class='ocr_par' dir='ltr' id='par_1_3' title="bbox 708 1466 1011 1482">
     <span class='ocr_line' id='line_1_9' title="bbox 708 1466 1011 1482; baseline -0.01 -1"><span class='ocrx_word' id='word_1_76' title='bbox 708 1466 1011 1482; x_wconf 54' lang='lat' dir='ltr'>W</span> 
     </span>
    </p>
   </div>
   <div class='ocr_carea' id='block_1_4' title="bbox 689 1699 1037 1816">
    <p class='ocr_par' dir='ltr' id='par_1_4' title="bbox 689 1699 1037 1816">
     <span class='ocr_line' id='line_1_10' title="bbox 689 1699 1037 1816; baseline 0.011 -24"><span class='ocrx_word' id='word_1_77' title='bbox 689 1699 813 1814; x_wconf 78' lang='lat' dir='ltr'>caput</span> <span class='ocrx_word' id='word_1_78' title='bbox 841 1699 1037 1816; x_wconf 76' lang='lat' dir='ltr'>quarum.</span> 
     </span>
    </p>
   </div>
   <div class='ocr_carea' id='block_1_5' title="bbox 146 1883 1515 4610">
    <p class='ocr_par' dir='ltr' id='par_1_5' title="bbox 251 1883 1515 3118">
     <span class='ocr_line' id='line_1_11' title="bbox 336 1883 1469 1953; baseline 0.001 -4"><span class='ocrx_word' id='word_1_79' title='bbox 336 1884 414 1949; x_wconf 89' lang='lat' dir='ltr'>Tres</span> <span class='ocrx_word' id='word_1_80' title='bbox 434 1883 538 1950; x_wconf 79' lang='lat' dir='ltr'>literas</span> <span class='ocrx_word' id='word_1_81' title='bbox 569 1884 735 1953; x_wconf 86' lang='lat' dir='ltr'>Olaudium</span> <span class='ocrx_word' id='word_1_82' title='bbox 762 1887 923 1952; x_wconf 88' lang='lat' dir='ltr'>Romanae</span> <span class='ocrx_word' id='word_1_83' title='bbox 948 1887 1124 1952; x_wconf 87' lang='lat' dir='ltr'>hteraturae</span> <span class='ocrx_word' id='word_1_84' title='bbox 1157 1887 1310 1952; x_wconf 76' lang='lat' dir='ltr'>addidisse</span> <span class='ocrx_word' id='word_1_85' title='bbox 1339 1887 1469 1951; x_wconf 84' lang='lat' dir='ltr'>Tacitus</span> 
     </span>
     <span class='ocr_line' id='line_1_12' title="bbox 254 1996 1469 2088; baseline 0.003 -25"><span class='ocrx_word' id='word_1_86' title='bbox 254 2009 285 2063; x_wconf 88' lang='lat' dir='ltr'>ct</span> <span class='ocrx_word' id='word_1_87' title='bbox 305 1996 470 2068; x_wconf 80' lang='lat' dir='ltr'>Suetonius</span> <span class='ocrx_word' id='word_1_88' title='bbox 492 2001 659 2067; x_wconf 84' lang='lat' dir='ltr'>memoriae</span> <span class='ocrx_word' id='word_1_89' title='bbox 679 2003 896 2088; x_wconf 88' lang='lat' dir='ltr'>prodiderunt,</span> <span class='ocrx_word' id='word_1_90' title='bbox 917 2010 980 2065; x_wconf 82' lang='lat' dir='ltr'>tres</span> <span class='ocrx_word' id='word_1_91' title='bbox 1000 2001 1104 2065; x_wconf 88' lang='lat' dir='ltr'>literas</span> <span class='ocrx_word' id='word_1_92' title='bbox 1123 2003 1317 2088; x_wconf 82' lang='lat' dir='ltr'>grmnmatiei</span> <span class='ocrx_word' id='word_1_93' title='bbox 1332 2024 1469 2070; x_wconf 81' lang='lat' dir='ltr'>comme</span> 
     </span>
     <span class='ocr_line' id='line_1_13' title="bbox 253 2113 1469 2202; baseline 0.002 -25"><span class='ocrx_word' id='word_1_94' title='bbox 253 2124 376 2180; x_wconf 79' lang='lat' dir='ltr'><strong>morant</strong></span> <span class='ocrx_word' id='word_1_95' title='bbox 395 2137 415 2178; x_wconf 83' lang='lat' dir='ltr'>a</span> <span class='ocrx_word' id='word_1_96' title='bbox 435 2113 567 2188; x_wconf 82' lang='lat' dir='ltr'>Olaudio</span> <span class='ocrx_word' id='word_1_97' title='bbox 588 2115 743 2198; x_wconf 83' lang='lat' dir='ltr'>inventas,</span> <span class='ocrx_word' id='word_1_98' title='bbox 765 2137 897 2200; x_wconf 87' lang='lat' dir='ltr'>quarum</span> <span class='ocrx_word' id='word_1_99' title='bbox 916 2115 1017 2202; x_wconf 86' lang='lat' dir='ltr'>prima</span> <span class='ocrx_word' id='word_1_100' title='bbox 1037 2124 1068 2179; x_wconf 90' lang='lat' dir='ltr'>et</span> <span class='ocrx_word' id='word_1_101' title='bbox 1093 2115 1183 2180; x_wconf 88' lang='lat' dir='ltr'>tortia</span> <span class='ocrx_word' id='word_1_102' title='bbox 1200 2116 1234 2178; x_wconf 84' lang='lat' dir='ltr'>in</span> <span class='ocrx_word' id='word_1_103' title='bbox 1255 2117 1469 2202; x_wconf 74' lang='lat' dir='ltr'>compluribus</span> 
     </span>
     <span class='ocr_line' id='line_1_14' title="bbox 253 2229 1469 2317; baseline 0.002 -24"><span class='ocrx_word' id='word_1_104' title='bbox 253 2229 354 2293; x_wconf 89' lang='lat' dir='ltr'>adhuc</span> <span class='ocrx_word' id='word_1_105' title='bbox 383 2229 630 2315; x_wconf 78' lang='lat' dir='ltr'>inscriptionibus</span> <span class='ocrx_word' id='word_1_106' title='bbox 658 2230 902 2317; x_wconf 87' lang='lat' dir='ltr'>conspiciuntur,</span> <span class='ocrx_word' id='word_1_107' title='bbox 932 2230 1057 2296; x_wconf 88' lang='lat' dir='ltr'>alterius</span> <span class='ocrx_word' id='word_1_108' title='bbox 1084 2252 1148 2294; x_wconf 92' lang='lat' dir='ltr'>non</span> <span class='ocrx_word' id='word_1_109' title='bbox 1173 2239 1323 2316; x_wconf 78' lang='lat' dir='ltr'>apparent</span> <span class='ocrx_word' id='word_1_110' title='bbox 1348 2230 1408 2295; x_wconf 91' lang='lat' dir='ltr'>nisi</span> <span class='ocrx_word' id='word_1_111' title='bbox 1437 2233 1469 2295; x_wconf 91' lang='lat' dir='ltr'>in</span> 
     </span>
     <span class='ocr_line' id='line_1_15' title="bbox 252 2343 1469 2428; baseline 0.003 -22"><span class='ocrx_word' id='word_1_112' title='bbox 252 2366 314 2407; x_wconf 91' lang='lat' dir='ltr'>uno</span> <span class='ocrx_word' id='word_1_113' title='bbox 335 2343 424 2406; x_wconf 74' lang='lat' dir='ltr'>tinulo</span> <span class='ocrx_word' id='word_1_114' title='bbox 445 2344 582 2428; x_wconf 77' lang='lat' dir='ltr'>vesfign&#39;a.</span> <span class='ocrx_word' id='word_1_115' title='bbox 617 2343 771 2423; x_wconf 81' lang='lat' dir='ltr'>Quartum</span> <span class='ocrx_word' id='word_1_116' title='bbox 791 2353 893 2408; x_wconf 87' lang='lat' dir='ltr'>autem</span> <span class='ocrx_word' id='word_1_117' title='bbox 913 2344 1010 2408; x_wconf 87' lang='lat' dir='ltr'>tribus</span> <span class='ocrx_word' id='word_1_118' title='bbox 1033 2344 1097 2408; x_wconf 85' lang='lat' dir='ltr'>istis</span> <span class='ocrx_word' id='word_1_119' title='bbox 1118 2344 1249 2409; x_wconf 85' lang='lat' dir='ltr'>inventis</span> <span class='ocrx_word' id='word_1_120' title='bbox 1269 2345 1330 2409; x_wconf 86' lang='lat' dir='ltr'>hoe</span> <span class='ocrx_word' id='word_1_121' title='bbox 1350 2345 1469 2410; x_wconf 86' lang='lat' dir='ltr'>adden·</span> 
     </span>
     <span class='ocr_line' id='line_1_16' title="bbox 254 2455 1468 2545; baseline 0.002 -23"><span class='ocrx_word' id='word_1_122' title='bbox 254 2457 328 2522; x_wconf 93' lang='lat' dir='ltr'>dum</span> <span class='ocrx_word' id='word_1_123' title='bbox 348 2467 395 2522; x_wconf 88' lang='lat' dir='ltr'>cst</span> <span class='ocrx_word' id='word_1_124' title='bbox 416 2458 499 2541; x_wconf 91' lang='lat' dir='ltr'>quod</span> <span class='ocrx_word' id='word_1_125' title='bbox 520 2457 582 2522; x_wconf 84' lang='grc' dir='ltr'>ΑΕ</span> <span class='ocrx_word' id='word_1_126' title='bbox 604 2459 797 2545; x_wconf 84' lang='lat' dir='ltr'>diphthongo</span> <span class='ocrx_word' id='word_1_127' title='bbox 819 2455 968 2524; x_wconf 76' lang='lat' dir='ltr'>Claudius</span> <span class='ocrx_word' id='word_1_128' title='bbox 988 2457 1103 2522; x_wconf 86' lang='lat' dir='ltr'>abolita</span> <span class='ocrx_word' id='word_1_129' title='bbox 1121 2459 1155 2522; x_wconf 88' lang='lat' dir='ltr'><strong>A</strong></span> <span class='ocrx_word' id='word_1_130' title='bbox 1175 2458 1243 2528; x_wconf 87' lang='lat' dir='ltr'>etl</span> <span class='ocrx_word' id='word_1_131' title='bbox 1268 2458 1373 2524; x_wconf 86' lang='lat' dir='ltr'>literas</span> <span class='ocrx_word' id='word_1_132' title='bbox 1394 2462 1468 2524; x_wconf 90' lang='lat' dir='ltr'>sub-</span> 
     </span>
     <span class='ocr_line' id='line_1_17' title="bbox 253 2568 1514 2658; baseline 0.002 -22"><span class='ocrx_word' id='word_1_133' title='bbox 253 2571 363 2652; x_wconf 87' lang='lat' dir='ltr'>stituit,</span> <span class='ocrx_word' id='word_1_134' title='bbox 391 2571 476 2636; x_wconf 90' lang='lat' dir='ltr'>euius</span> <span class='ocrx_word' id='word_1_135' title='bbox 504 2571 550 2637; x_wconf 90' lang='lat' dir='ltr'>rei</span> <span class='ocrx_word' id='word_1_136' title='bbox 584 2595 648 2638; x_wconf 90' lang='lat' dir='ltr'>non</span> <span class='ocrx_word' id='word_1_137' title='bbox 675 2571 799 2640; x_wconf 80' lang='lat' dir='ltr'>Tacitus</span> <span class='ocrx_word' id='word_1_138' title='bbox 834 2568 1001 2640; x_wconf 79' lang='lat' dir='ltr'>Suetonius</span> <span class='ocrx_word' id='word_1_139' title='bbox 1032 2571 1225 2658; x_wconf 76' lang='lat' dir='ltr'>grammatici</span> <span class='ocrx_word' id='word_1_140' title='bbox 1257 2573 1469 2644; x_wconf 84' lang='lat' dir='ltr'>testimonium</span> <span class='ocrx_word' id='word_1_141' title='bbox 1513 2619 1514 2624; x_wconf 20' lang='grc' dir='ltr'><strong>κ</strong></span> 
     </span>
     <span class='ocr_line' id='line_1_18' title="bbox 252 2685 1468 2775; baseline 0.006 -26"><span class='ocrx_word' id='word_1_142' title='bbox 252 2686 416 2773; x_wconf 87' lang='lat' dir='ltr'>perhibent</span> <span class='ocrx_word' id='word_1_143' title='bbox 444 2686 499 2752; x_wconf 90' lang='lat' dir='ltr'>scd</span> <span class='ocrx_word' id='word_1_144' title='bbox 523 2687 743 2775; x_wconf 89' lang='lat' dir='ltr'>inscriptiones.</span> <span class='ocrx_word' id='word_1_145' title='bbox 798 2685 882 2750; x_wconf 88' lang='lat' dir='ltr'>Nam</span> <span class='ocrx_word' id='word_1_146' title='bbox 915 2685 999 2771; x_wconf 91' lang='lat' dir='ltr'>quod</span> <span class='ocrx_word' id='word_1_147' title='bbox 1034 2686 1169 2773; x_wconf 87' lang='lat' dir='ltr'>primum</span> <span class='ocrx_word' id='word_1_148' title='bbox 1196 2694 1241 2752; x_wconf 89' lang='lat' dir='ltr'>est</span> <span class='ocrx_word' id='word_1_149' title='bbox 1273 2687 1306 2751; x_wconf 92' lang='lat' dir='ltr'>in</span> <span class='ocrx_word' id='word_1_150' title='bbox 1332 2688 1468 2775; x_wconf 85' lang='lat' dir='ltr'>publicis</span> 
     </span>
     <span class='ocr_line' id='line_1_19' title="bbox 252 2799 1469 2894; baseline 0.004 -30"><span class='ocrx_word' id='word_1_151' title='bbox 252 2799 348 2864; x_wconf 88' lang='lat' dir='ltr'>titulis</span> <span class='ocrx_word' id='word_1_152' title='bbox 369 2800 479 2886; x_wconf 86' lang='lat' dir='ltr'>quibus</span> <span class='ocrx_word' id='word_1_153' title='bbox 501 2801 692 2868; x_wconf 77' lang='lat' dir='ltr'>Claudianae</span> <span class='ocrx_word' id='word_1_154' title='bbox 712 2802 872 2894; x_wconf 86' lang='lat' dir='ltr'>literarum</span> <span class='ocrx_word' id='word_1_155' title='bbox 896 2801 1015 2866; x_wconf 84' lang='lat' dir='ltr'>formae</span> <span class='ocrx_word' id='word_1_156' title='bbox 1039 2800 1203 2887; x_wconf 85' lang='lat' dir='ltr'>inscriptae</span> <span class='ocrx_word' id='word_1_157' title='bbox 1230 2811 1302 2866; x_wconf 85' lang='lat' dir='ltr'>aunt</span> <span class='ocrx_word' id='word_1_158' title='bbox 1321 2803 1469 2868; x_wconf 84' lang='lat' dir='ltr'>ommhus</span> 
     </span>
     <span class='ocr_line' id='line_1_20' title="bbox 252 2913 1468 3002; baseline 0.003 -23"><span class='ocrx_word' id='word_1_159' title='bbox 252 2915 367 3000; x_wconf 87' lang='lat' dir='ltr'>ubique</span> <span class='ocrx_word' id='word_1_160' title='bbox 386 2915 438 2979; x_wconf 87' lang='lat' dir='ltr'>AI</span> <span class='ocrx_word' id='word_1_161' title='bbox 459 2915 599 3000; x_wconf 85' lang='lat' dir='ltr'>syllaba,</span> <span class='ocrx_word' id='word_1_162' title='bbox 627 2916 689 2980; x_wconf 82' lang='grc' dir='ltr'>ΑΕ</span> <span class='ocrx_word' id='word_1_163' title='bbox 715 2937 868 3000; x_wconf 88' lang='lat' dir='ltr'>nusquam</span> <span class='ocrx_word' id='word_1_164' title='bbox 896 2917 1055 3002; x_wconf 89' lang='lat' dir='ltr'>reperitur.</span> <span class='ocrx_word' id='word_1_165' title='bbox 1106 2913 1160 2982; x_wconf 81' lang='lat' dir='ltr'>Sic</span> <span class='ocrx_word' id='word_1_166' title='bbox 1186 2916 1219 2982; x_wconf 91' lang='lat' dir='ltr'>in</span> <span class='ocrx_word' id='word_1_167' title='bbox 1245 2915 1339 2980; x_wconf 76' lang='lat' dir='ltr'>titulis</span> <span class='ocrx_word' id='word_1_168' title='bbox 1360 2918 1381 2981; x_wconf 74' lang='grc'>2</span> <span class='ocrx_word' id='word_1_169' title='bbox 1405 2919 1468 2982; x_wconf 83' lang='grc'>34</span> 
     </span>
     <span class='ocr_line' id='line_1_21' title="bbox 251 3026 1515 3118; baseline 0.004 -25"><span class='ocrx_word' id='word_1_170' title='bbox 251 3039 300 3093; x_wconf 88' lang='lat' dir='ltr'>ter</span> <span class='ocrx_word' id='word_1_171' title='bbox 327 3026 494 3094; x_wconf 72' lang='lat' dir='ltr'><strong>OAJSAR</strong></span> <span class='ocrx_word' id='word_1_172' title='bbox 518 3040 548 3094; x_wconf 92' lang='lat' dir='ltr'>et</span> <span class='ocrx_word' id='word_1_173' title='bbox 575 3030 607 3093; x_wconf 92' lang='lat' dir='ltr'>in</span> <span class='ocrx_word' id='word_1_174' title='bbox 634 3031 729 3100; x_wconf 87' lang='lat' dir='ltr'>titulis</span> <span class='ocrx_word' id='word_1_175' title='bbox 757 3032 777 3095; x_wconf 89' lang='lat'>9</span> <span class='ocrx_word' id='word_1_176' title='bbox 807 3032 847 3094; x_wconf 89' lang='lat'>10</span> <span class='ocrx_word' id='word_1_177' title='bbox 870 3031 927 3112; x_wconf 84' lang='lat'>11,</span> <span class='ocrx_word' id='word_1_178' title='bbox 948 3029 1001 3115; x_wconf 91' lang='lat' dir='ltr'>qui</span> <span class='ocrx_word' id='word_1_179' title='bbox 1028 3051 1100 3094; x_wconf 93' lang='lat' dir='ltr'>cum</span> <span class='ocrx_word' id='word_1_180' title='bbox 1120 3053 1214 3096; x_wconf 89' lang='lat' dir='ltr'>unam</span> <span class='ocrx_word' id='word_1_181' title='bbox 1233 3031 1467 3118; x_wconf 76' lang='lat' dir='ltr'>incomptionem</span> <span class='ocrx_word' id='word_1_182' title='bbox 1514 3057 1515 3116; x_wconf 55' lang='lat' dir='ltr'>p</span> 
     </span>
    </p>

    <p class='ocr_par' dir='ltr' id='par_1_6' title="bbox 146 3135 1515 4610">
     <span class='ocr_line' id='line_1_22' title="bbox 146 3135 1515 3231; baseline 0.002 -24"><span class='ocrx_word' id='word_1_183' title='bbox 146 3139 149 3144; x_wconf 47' lang='lat'><strong>⁴</strong></span> <span class='ocrx_word' id='word_1_184' title='bbox 253 3143 387 3208; x_wconf 86' lang='lat' dir='ltr'>efficiant</span> <span class='ocrx_word' id='word_1_185' title='bbox 406 3167 470 3210; x_wconf 92' lang='lat' dir='ltr'>non</span> <span class='ocrx_word' id='word_1_186' title='bbox 491 3145 605 3210; x_wconf 87' lang='lat' dir='ltr'>debent</span> <span class='ocrx_word' id='word_1_187' title='bbox 624 3145 760 3231; x_wconf 84' lang='lat' dir='ltr'>seiungi,</span> <span class='ocrx_word' id='word_1_188' title='bbox 780 3145 859 3209; x_wconf 85' lang='lat' dir='ltr'>haec</span> <span class='ocrx_word' id='word_1_189' title='bbox 876 3144 1036 3230; x_wconf 87' lang='lat' dir='ltr'>leguntur:</span> <span class='ocrx_word' id='word_1_190' title='bbox 1514 3135 1515 3162; x_wconf 46' lang='lat' dir='ltr'>l</span> 
     </span>
     <span class='ocr_line' id='line_1_23' title="bbox 185 3254 976 3325; baseline -0.005 2"><span class='ocrx_word' id='word_1_191' title='bbox 185 3254 188 3259; x_wconf 59' lang='grc'><strong>’</strong></span> <span class='ocrx_word' id='word_1_192' title='bbox 704 3258 976 3325; x_wconf 79' lang='lat' dir='ltr'><strong>AGRIPPINAI</strong></span> 
     </span>
     <span class='ocr_line' id='line_1_24' title="bbox 705 3372 933 3444; baseline -0.026 0"><span class='ocrx_word' id='word_1_193' title='bbox 705 3372 933 3444; x_wconf 85' lang='lat' dir='ltr'>ANTONIAI</span> 
     </span>
     <span class='ocr_line' id='line_1_25' title="bbox 706 3484 942 3560; baseline -0.034 0"><span class='ocrx_word' id='word_1_194' title='bbox 706 3484 942 3560; x_wconf 76' lang='lat' dir='ltr'><strong>AVGVSTAI</strong></span> 
     </span>
     <span class='ocr_line' id='line_1_26' title="bbox 707 3598 859 3668; baseline -0.013 -1"><span class='ocrx_word' id='word_1_195' title='bbox 707 3598 859 3668; x_wconf 73' lang='lat' dir='ltr'>onlsln·</span> 
     </span>
     <span class='ocr_line' id='line_1_27' title="bbox 710 3713 895 3786; baseline 0.027 -5"><span class='ocrx_word' id='word_1_196' title='bbox 710 3713 895 3786; x_wconf 82' lang='lat' dir='ltr'><strong>GAISARI</strong></span> 
     </span>
     <span class='ocr_line' id='line_1_28' title="bbox 707 3829 900 3898; baseline 0 -1"><span class='ocrx_word' id='word_1_197' title='bbox 707 3829 900 3898; x_wconf 83' lang='lat' dir='ltr'>OAISARis</span> 
     </span>
     <span class='ocr_line' id='line_1_29' title="bbox 707 3943 984 4018; baseline -0.011 -5"><span class='ocrx_word' id='word_1_198' title='bbox 707 3943 918 4018; x_wconf 77' lang='lat' dir='ltr'><strong>CAISARIS</strong></span> <span class='ocrx_word' id='word_1_199' title='bbox 937 3956 984 4011; x_wconf 89' lang='lat' dir='ltr'>ter</span> 
     </span>
     <span class='ocr_line' id='line_1_30' title="bbox 707 4037 855 4126; baseline 0 0"><span class='ocrx_word' id='word_1_200' title='bbox 707 4037 855 4126; x_wconf 80' lang='lat' dir='ltr'>rvnrnr</span> 
     </span>
     <span class='ocr_line' id='line_1_31' title="bbox 706 4175 914 4250; baseline -0.005 -8"><span class='ocrx_word' id='word_1_201' title='bbox 706 4175 914 4250; x_wconf 76' lang='lat' dir='ltr'>oOTAdIAl</span> 
     </span>
     <span class='ocr_line' id='line_1_32' title="bbox 706 4291 896 4357; baseline 0 0"><span class='ocrx_word' id='word_1_202' title='bbox 706 4291 896 4357; x_wconf 83' lang='lat' dir='ltr'><strong>PATRIAI</strong></span> 
     </span>
     <span class='ocr_line' id='line_1_33' title="bbox 255 4403 1466 4493; baseline -0.003 -22"><span class='ocrx_word' id='word_1_203' title='bbox 255 4403 308 4471; x_wconf 82' lang='lat' dir='ltr'>Sic</span> <span class='ocrx_word' id='word_1_204' title='bbox 330 4405 361 4468; x_wconf 90' lang='lat' dir='ltr'>in</span> <span class='ocrx_word' id='word_1_205' title='bbox 386 4407 584 4493; x_wconf 86' lang='lat' dir='ltr'>inscriptione</span> <span class='ocrx_word' id='word_1_206' title='bbox 605 4409 625 4470; x_wconf 87' lang='grc'><strong>6</strong></span> <span class='ocrx_word' id='word_1_207' title='bbox 646 4430 664 4471; x_wconf 87' lang='lat' dir='ltr'>a</span> <span class='ocrx_word' id='word_1_208' title='bbox 686 4407 877 4493; x_wconf 86' lang='lat' dir='ltr'>Vespasiano</span> <span class='ocrx_word' id='word_1_209' title='bbox 899 4406 949 4474; x_wconf 85' lang='lat' dir='ltr'>vol</span> <span class='ocrx_word' id='word_1_210' title='bbox 970 4407 1041 4472; x_wconf 88' lang='lat' dir='ltr'>Tito</span> <span class='ocrx_word' id='word_1_211' title='bbox 1061 4416 1210 4473; x_wconf 81' lang='lat' dir='ltr'>renovata</span> <span class='ocrx_word' id='word_1_212' title='bbox 1239 4415 1269 4472; x_wconf 90' lang='lat' dir='ltr'>et</span> <span class='ocrx_word' id='word_1_213' title='bbox 1294 4406 1466 4470; x_wconf 86' lang='lat' dir='ltr'>instaurata</span> 
     </span>
     <span class='ocr_line' id='line_1_34' title="bbox 254 4518 1464 4610; baseline -0.002 -25"><span class='ocrx_word' id='word_1_214' title='bbox 254 4530 357 4589; x_wconf 86' lang='lat' dir='ltr'>tamen</span> <span class='ocrx_word' id='word_1_215' title='bbox 377 4545 407 4584; x_wconf 85' lang='lat' dir='ltr'>v.</span> <span class='ocrx_word' id='word_1_216' title='bbox 430 4524 446 4584; x_wconf 86' lang='lat'>1</span> <span class='ocrx_word' id='word_1_217' title='bbox 472 4518 640 4588; x_wconf 77' lang='lat' dir='ltr'><strong>OAISAR</strong></span> <span class='ocrx_word' id='word_1_218' title='bbox 666 4524 817 4610; x_wconf 78' lang='lat' dir='ltr'>scriptura</span> <span class='ocrx_word' id='word_1_219' title='bbox 844 4533 966 4592; x_wconf 86' lang='lat' dir='ltr'>servata</span> <span class='ocrx_word' id='word_1_220' title='bbox 994 4532 1047 4589; x_wconf 85' lang='lat' dir='ltr'>est</span> <span class='ocrx_word' id='word_1_221' title='bbox 1091 4521 1186 4600; x_wconf 84' lang='lat' dir='ltr'>Quod</span> <span class='ocrx_word' id='word_1_222' title='bbox 1214 4543 1290 4586; x_wconf 85' lang='lat' dir='ltr'>vero</span> <span class='ocrx_word' id='word_1_223' title='bbox 1317 4519 1348 4583; x_wconf 90' lang='lat' dir='ltr'>in</span> <span class='ocrx_word' id='word_1_224' title='bbox 1374 4518 1464 4583; x_wconf 88' lang='lat' dir='ltr'>titulo</span> 
     </span>
    </p>
   </div>
   <div class='ocr_carea' id='block_1_6' title="bbox 0 0 1554 5268">
    <p class='ocr_par' dir='ltr' id='par_1_7' title="bbox 0 0 1554 5268">
     <span class='ocr_line' id='line_1_35' title="bbox 0 0 1554 5268; baseline 0 0"><span class='ocrx_word' id='word_1_225' title='bbox 0 0 1554 5268; x_wconf 95' lang='lat' dir='ltr'> </span> 
     </span>
    </p>
   </div>
  </div>
 </body>
</html>
