3100 5268
700 293 720 365 9

107 505 266 570 Marciano
293 505 467 590 certiorque
494 513 602 568 auctor
629 503 804 568 Priscianus
835 502 890 584 sit,
922 510 988 566 tum
1012 525 1091 588 quae
1119 504 1158 570 de
1183 504 1316 572 Claudio

108 619 238 706 Capella
263 619 386 705 scripsit
406 628 531 682 tantum
558 618 646 681 abest
672 626 708 681 ut
734 625 818 682 recte
846 638 880 680 se
906 617 1041 682 habeant
1067 625 1103 682 ut
1121 619 1182 683 sint
1201 621 1313 707 inepta.

106 732 190 796 Nam
209 755 280 796 cum
307 754 399 817 quam
427 733 602 798 alumnus
630 731 792 816 exscripsit
817 732 1035 816 grammaticus
1056 734 1316 817 quemadmodum

108 869 169 912 una
188 847 278 912 litera
298 846 431 912 Romani
450 843 481 913 Ξ
498 844 654 912 Graecam
674 844 882 931 exprimerent
906 846 980 910 item
1007 857 1101 910 unam
1126 857 1231 913 notam
1257 871 1316 935 pro

113 967 151 1022 Ψ
166 960 288 1028 Graeca
309 961 501 1048 excogitasse
522 959 688 1026 Claudium
707 959 897 1041 tradidisset,
921 960 987 1046 ipse
1006 983 1042 1026 re
1061 961 1142 1026 male
1162 963 1317 1026 intellecta

107 1076 289 1141 sententiam
309 1075 391 1140 banc
409 1077 570 1162 proposuit
591 1077 696 1160 utiquc
711 1076 913 1156 censariam,
934 1075 1063 1161 singulis
1078 1075 1206 1142 Graecis
1219 1076 1317 1142 literis

106 1189 214 1257 divum
235 1189 401 1256 Claudium
419 1190 575 1256 Romanas
595 1189 785 1254 substituisse
805 1189 894 1254 binas
922 1196 956 1254 ut
982 1211 1041 1276 pro
1074 1195 1110 1252 Ψ
1131 1191 1318 1256 scriberetur

107 1303 162 1371 ΡΒ
183 1313 215 1368 et
234 1303 289 1370 Os
309 1327 367 1391 pro
393 1303 426 1370 Ξ
441 1305 492 1390 (cf.
512 1303 655 1391 Koppius
678 1303 770 1368 adh.
793 1303 837 1390 1.).
869 1303 1068 1390 Quamquam
1086 1305 1166 1370 scire
1186 1305 1318 1370 debebat

112 1423 150 1480 Ψ
166 1441 276 1486 vocem
295 1419 454 1484 Romanos
483 1416 537 1484 PS
563 1426 617 1482 aut
643 1415 697 1484 ΒΞ
724 1417 820 1482 literis
847 1417 1020 1484 declarasse
1046 1441 1183 1506 semper,
1211 1419 1317 1484 solitos

107 1555 175 1597 esse
194 1555 252 1620 pro
272 1531 304 1598 Ξ
320 1531 443 1610 Graeca
462 1553 613 1618 usurpare
631 1531 666 1596 X
686 1540 801 1596 nomm.
835 1533 947 1619 Itaque
967 1533 1039 1618 quia
1059 1534 1209 1598 Marciani
1229 1555 1318 1599 error

106 1656 179 1712 ante
201 1646 307 1712 oculos
327 1647 444 1732 positus
466 1655 532 1711 erat
554 1647 609 1710 vix
630 1647 771 1712 excusari
790 1647 989 1712 Burmannus
1010 1649 1050 1712 ad
1073 1647 1159 1714 Suet.
1176 1640 1225 1714 Ol.
1238 1647 1318 1712 XLI

105 1761 219 1847 poterit
240 1760 373 1826 confusis
387 1761 538 1826 Prisciani
559 1769 589 1824 et
604 1758 752 1846 Capellae
765 1761 868 1826 verbis
889 1762 1102 1827 ‘scribendum
1121 1763 1203 1828 forte
1223 1761 1318 1849 [apud

106 1873 311 1962 Marcianum]
332 1895 441 1938 saaca
461 1883 492 1939 et
511 1875 589 1940 illud
604 1875 768 1960 antisigma
781 1896 846 1940 non
859 1875 891 1938 in
914 1879 950 1936 Ψ
960 1876 1083 1941 Graeca
1097 1876 1317 1962 quaerendum,

105 1990 216 2054 sedin
234 1989 267 2055 Ξ
270 1990 278 2018 ’
299 1990 448 2076 opinatus.
476 1993 565 2054 ‘nam
586 1991 729 2076 exempla
754 2010 834 2074 quac
853 1988 1029 2055 Priscianus
1050 1990 1190 2073 adducit,
1218 1992 1270 2056 ubi
1292 1990 1317 2057 S

105 2113 137 2170 et
155 2103 183 2168 P
204 2112 290 2186 sunt,
315 2103 420 2167 Arabs
446 2104 567 2170 caelebs
594 2103 725 2192 Pelops,
753 2105 874 2170 nullum
895 2105 971 2170 dant
998 2105 1102 2170 locum
1122 2105 1317 2191 antisigmati,

106 2219 192 2304 quod
220 2227 267 2282 est
292 2218 325 2282 iu
350 2239 440 2299 saxa,
474 2218 502 2280 si
533 2217 684 2282 scribatur
712 2218 836 2283 Claudii
866 2241 954 2284 more
985 2241 1103 2284 saaca.
1138 2241 1235 2305 quare
1267 2220 1318 2284 vel

105 2332 257 2398 Prisciani
285 2332 371 2397 locus
398 2339 561 2418 corruptus
588 2340 635 2398 cst
660 2332 712 2404 vel
741 2331 795 2396 ille
827 2354 893 2397 non
921 2341 1005 2399 recte
1033 2334 1149 2421 cepisse
1176 2333 1318 2400 videtur!

106 2446 154 2510 At
173 2467 234 2531 qua
253 2445 294 2510 de
316 2467 407 2510 causa
426 2467 484 2532 pro
504 2447 535 2512 Ξ
553 2446 677 2513 Graeca
697 2444 846 2512 Claudius
865 2447 1019 2513 invenerit
1036 2448 1218 2534 antisigma,
1247 2471 1318 2513 cum

105 2561 168 2624 mm
187 2569 322 2626 uxsmret
342 2583 404 2646 qua
423 2561 510 2624 illam
529 2581 638 2624 vocem
658 2560 794 2626 Romani
813 2562 979 2648 signabant
998 2561 1032 2626 X
1051 2563 1168 2646 figura,
1187 2561 1248 2628 hoc
1266 2571 1319 2626 aut

106 2675 218 2740 celavit
244 2675 443 2740 Burmannus
471 2682 524 2738 aut
553 2673 718 2759 ignoravit.
768 2675 888 2740 Verum
917 2685 1021 2740 umen
1048 2675 1139 2740 huius
1166 2676 1319 2762 opinionis

106 2789 231 2870 levitas,
248 2789 343 2854 modo
362 2788 497 2853 dilucide
518 2788 557 2852 de
572 2787 723 2852 Marciani
743 2789 846 2854 verbis
867 2789 1050 2870 dixerimm,
1071 2789 1143 2853 satis
1164 2790 1320 2854 confutata

106 2902 249 2968 latiorem
276 2902 446 2968 orationem
481 2921 545 2966 non
578 2900 741 2966 desiderat.
797 2901 862 2980 Qui
893 2925 968 2968 vero
1004 2903 1117 2969 librum
1149 2905 1319 2970 ‘Nouveau

106 3018 197 3082 traitd
225 3018 264 3082 de
294 3017 429 3103 diplom.¹
457 3016 647 3103 scripserunt
675 3018 735 3103 ipsi
766 3017 900 3081 viderint
926 3040 988 3103 quo
1015 3019 1083 3084 iure
1114 3019 1148 3082 iu
1181 3019 1244 3086 vol.
1272 3019 1317 3083 H.

105 3155 137 3217 p.
159 3132 200 3196 49
222 3129 386 3216 antisigma
411 3130 542 3196 fortasse
567 3131 659 3195 etiam
685 3153 742 3217 pro
769 3127 821 3203 SS
856 3132 953 3198 literis
980 3133 1114 3197 valuisse
1145 3133 1320 3198 addiderint

108 3247 223 3332 quippe
244 3267 374 3330 quarum
401 3245 434 3307 iu
461 3243 572 3308 Latina
599 3245 706 3330 lingua
733 3268 806 3310 usus
831 3246 922 3310 latius
949 3256 1067 3333 pateret
1093 3269 1187 3333 quam
1214 3247 1267 3313 PS
1289 3257 1320 3312 ct
1358 3227 1364 3236 ¹

106 3358 161 3426 ΒΞ
183 3381 304 3424 vocum.
346 3358 451 3437 Quam
471 3359 503 3423 in
524 3361 732 3426 coniecturam
754 3357 807 3426 00
827 3360 929 3445 figura
950 3382 1018 3452 esse
1037 3361 1154 3426 inducti
1175 3361 1320 3426 videntum

108 3495 170 3559 qua
190 3473 355 3564 antisigma
375 3472 582 3538 Claudianum
602 3473 696 3539 fuisse
723 3474 844 3540 codices
863 3475 1015 3540 Prisciani
1041 3475 1138 3540 secuti
1167 3475 1319 3540 anisum

107 3589 199 3670 baut,
227 3589 283 3654 etsi
310 3587 467 3672 aliquanto
495 3586 637 3654 Graecae
667 3588 794 3674 linguae
827 3589 989 3675 peritiores
1015 3591 1130 3655 scirent
1155 3588 1320 3673 antisigma

107 3725 172 3768 non
200 3723 268 3768 esse
296 3701 415 3790 duplex
439 3703 547 3787 sigma.
593 3703 686 3769 Alios
714 3702 847 3788 denique
876 3703 929 3788 qui
957 3701 1113 3768 Graecam
1136 3707 1173 3764 X
1199 3702 1320 3766 literam

107 3818 271 3902 antisigma
297 3837 444 3902 aequasse
470 3817 650 3882 hallucinati
676 3826 748 3880 sunt
775 3817 825 3899 (cf.
852 3817 972 3882 ‘Noun
1000 3826 1039 3880 tr.
1066 3817 1096 3882 d.
1124 3816 1208 3902 dipl!
1235 3816 1256 3880 l.
1276 3817 1319 3901 d.)

107 3933 275 4018 praeterire
296 3930 416 3996 silentio
435 3941 579 4019 praestat.

190 4045 260 4110 Iam
280 4044 430 4111 Marciani
449 4045 624 4110 testimonio
645 4045 758 4111 reiecto
780 4045 820 4109 ad
839 4045 1032 4110 Priscianum
1052 4043 1215 4108 redeamus
1234 4043 1321 4108 cuim

108 4159 202 4246 plena
223 4161 318 4226 verba
338 4161 416 4224 haec
433 4170 506 4224 sunt
526 4158 627 4224 ‘Huic
645 4157 696 4247 [S]
717 4159 918 4246 praeponitur
937 4158 965 4222 P
985 4169 1017 4223 et
1037 4158 1107 4222 loco
1133 4162 1170 4218 Ψ
1181 4156 1322 4222 Graecae

108 4275 263 4359 fungitur,
284 4297 342 4362 pro
364 4298 426 4361 qua
449 4274 597 4340 Claudius
624 4273 742 4340 Caesar
770 4273 932 4360 antisigma
954 4271 1008 4338 OG
1028 4272 1088 4336 hac
1107 4271 1210 4356 figura
1230 4271 1323 4335 scribi

110 4388 215 4454 voluit.
257 4389 312 4452 sed
345 4389 424 4452 nulli
456 4388 523 4452 ausi
551 4397 622 4451 sunt
655 4387 814 4472 antiquam
841 4388 1024 4473 scripturam
1050 4394 1183 4465 mutare,
1216 4407 1322 4469 quam-

111 4502 157 4566 uis
178 4524 241 4566 nou
262 4504 330 4568 siue
349 4503 469 4570 rabone
489 4503 566 4566 hacc
585 4523 710 4586 quoquc
730 4501 846 4586 duplex
865 4500 1027 4588 aGracuis
1048 4501 1152 4565 addita
1173 4500 1322 4580 videatur,
