3100 5268
600 335 609 344 .
724 335 768 378 „
834 282 877 353 12

750 369 980 380 ——-—---——-..‹

247 492 392 558 Osannus
417 489 546 558 Miscell.
573 493 639 556 orit.
666 491 715 556 ed.
738 491 892 558 Friedem.
913 495 942 558 da
963 491 1095 560 Seebod.
1123 495 1185 560 vol.
1206 495 1225 560 I
1243 496 1317 560 fasc
1340 497 1357 560 l
1380 519 1413 560 n.
1437 499 1455 560 7

248 627 277 692 p.
300 607 341 670 83
362 614 393 670 ct
411 605 565 670 Aneedot
587 605 678 670 Rom.
700 629 730 692 p.
753 608 814 672 159
841 609 1010 673 sententiae
1034 631 1053 672 a
1078 606 1271 674 Schneidero
1299 609 1339 674 de
1365 610 1459 676 huius

247 720 354 786 literae
381 719 506 784 nomine
526 719 688 805 figuraque
715 731 839 808 apertae
858 723 1062 808 patrocinium
1082 724 1229 810 suscepit,
1251 745 1323 788 nam
1341 725 1460 792 multae

247 833 380 900 rationes
406 834 498 898 simul
524 845 712 900 concurrunt
737 837 848 921 quibus
875 835 999 901 Krehlii
1025 836 1128 923 opinio
1156 835 1368 922 redarguatur.
1411 837 1460 905 Ut

247 948 393 1034 graviora
412 957 531 1013 tantum
556 971 748 1032 recenseam,
774 951 908 1036 primum
936 947 1092 1032 ἆντίσιμος
1118 950 1315 1016 vocabulum
1330 972 1402 1014 eum
1424 951 1461 1016 in

249 1063 406 1128 literarum
427 1064 632 1128 monumentis
653 1085 717 1128 non
737 1065 908 1150 reperiatur
928 1087 991 1130 non
1005 1066 1128 1132 videtur
1146 1065 1305 1131 exstitisse.
1333 1065 1461 1130 Deinde

249 1185 283 1240 ut
303 1177 386 1262 apud
416 1176 555 1243 Graecos
584 1178 748 1260 exstiterit,
778 1200 853 1242 num
878 1180 1007 1266 cogitari
1036 1188 1138 1266 potest
1160 1201 1287 1266 prorsus
1314 1179 1461 1244 insolenti

248 1299 280 1356 et
299 1291 442 1356 inusitato
465 1293 561 1358 verbo
591 1314 658 1358 eam
681 1291 846 1359 Claudium
876 1293 996 1359 literam
1017 1294 1204 1380 significasse
1225 1315 1318 1379 quam
1338 1293 1371 1356 in
1391 1293 1461 1356 vul-

248 1405 317 1490 gari
337 1427 404 1470 esse
425 1429 481 1471 usu
496 1407 651 1472 voluerit?
673 1408 756 1472 Tum
769 1409 854 1494 quod
874 1412 948 1495 ‘per
968 1430 1077 1474 vocem
1090 1401 1178 1486 σιμὸς
1191 1407 1321 1493 intelligi
1334 1407 1461 1493 signum

249 1519 300 1584 vel
321 1519 530 1586 characterem
555 1521 620 1586 sive
647 1531 752 1586 notam
781 1523 907 1588 lunulae
932 1523 1064 1590 formam
1084 1521 1284 1588 referentem’
1308 1519 1461 1586 Krehlius

248 1634 327 1698 dixit
353 1635 387 1698 id
414 1636 592 1720 neutiquam
621 1658 730 1702 verum
767 1645 813 1702 est
846 1657 947 1722 neque
980 1633 1121 1716 ἇντίσιμα
1153 1645 1225 1700 sunt
1251 1636 1462 1700 ‘characteres

249 1748 364 1813 lunati.'
396 1748 517 1826 Quibus
538 1753 728 1837 argumentis
748 1751 808 1816 alia
822 1751 967 1818 Osannus
981 1760 1012 1816 et
1026 1751 1079 1836 qui
1092 1749 1295 1815 Krehliaram
1308 1727 1463 1815 Prisciarii

249 1862 415 1930 editionem
441 1863 474 1928 in
501 1863 632 1951 Ephem.
660 1867 705 1930 lit
733 1866 800 1932 Ien.
832 1867 913 1931 1822
941 1888 971 1928 n.
992 1866 1055 1930 236
1075 1887 1105 1952 p.
1126 1865 1189 1930 429
1209 1864 1355 1930 iudicarit
1374 1864 1462 1929 addi·

252 1977 372 2040 derunt.
415 1977 505 2054 Quae
527 2001 597 2044 cum
617 1980 660 2042 ita
680 1980 741 2044 sint
762 1979 875 2065 optime
896 1980 935 2043 ad
959 1978 1145 2044 Schneideri
1171 1979 1378 2044 coniecturam
1402 1999 1462 2042 nos

249 2094 456 2158 rettulerimns
482 2115 543 2178 qua
569 2093 720 2158 Prisciani
747 2093 843 2157 verba
870 2093 914 2156 sie
940 2091 1115 2158 emendavit
1141 2092 1319 2177 ‘antisigma
1344 2089 1373 2156 O
1401 2091 1462 2154 hac

249 2208 369 2292 ligura!
410 2208 493 2273 Nam
521 2209 606 2294 quod
629 2209 663 2271 in
690 2207 830 2294 plurimis
861 2207 948 2272 libris
977 2207 1078 2294 ipsum
1105 2206 1298 2291 ‘antisigma'
1331 2205 1462 2270 verbum

251 2344 313 2412 non
335 2323 476 2387 distincte
503 2344 683 2408 expressum
709 2321 824 2406 legitur
850 2321 883 2385 id
909 2321 1086 2386 habendum
1113 2342 1172 2406 pro
1198 2318 1297 2384 nihilo
1316 2325 1364 2381 est
1385 2339 1463 2402 que

251 2436 334 2500 niam
361 2435 501 2500 ‘simma'
529 2437 711 2522 scriptnam
742 2458 800 2522 pro
833 2435 964 2520 ‘sigma’
992 2457 1069 2500 voce
1095 2457 1152 2520 per
1181 2433 1319 2498 medium
1348 2453 1462 2498 aevum

250 2573 309 2616 usu
336 2559 491 2636 receptam
525 2551 618 2616 fuisse
644 2549 847 2614 DuFresnius
873 2550 1004 2635 glossar.
1034 2549 1075 2612 ad
1101 2549 1205 2634 script
1233 2547 1315 2614 med.
1346 2555 1378 2614 et
1405 2546 1461 2612 inf.

250 2663 319 2728 Lat.
339 2664 371 2726 in
395 2690 424 2729 v.
446 2665 586 2729 ‘simma’
606 2664 748 2730 ostendit
790 2663 861 2730 Hac
888 2687 964 2730 vero
990 2662 1018 2730 0
1047 2665 1148 2750 ligura
1174 2661 1340 2748 antisigma
1366 2661 1463 2726 fuisse

251 2789 285 2844 ut
305 2800 344 2846 ex
365 2779 487 2846 Isidoro
512 2779 641 2864 aliisque
661 2780 842 2844 testimoniis
868 2801 948 2864 quae
972 2787 1213 2845 commemorata
1238 2777 1350 2842 videsis
1376 2777 1463 2862 apud

251 2893 414 2958 Osannum
440 2893 561 2958 Anecd.
592 2893 683 2958 Rom.
711 2917 741 2980 p.
767 2895 827 2958 157
856 2893 897 2956 ita
926 2915 966 2957 ex
993 2894 1059 2978 ipso
1081 2902 1208 2978 apparet
1232 2891 1366 2956 nomine.
1408 2889 1461 2957 (X)

250 3016 354 3071 autem
374 3015 447 3078 nota
468 3007 727 3092 quemadmodum
755 3008 787 3071 in
812 3007 963 3072 Prisciani
990 3007 1161 3074 orationem
1185 3006 1348 3092 inrepserit
1372 3005 1464 3072 facita

251 3121 441 3207 perspicitur.
463 3119 509 3187 Ut
529 3121 611 3186 enim
629 3123 792 3209 antisigma
806 3123 1010 3209 explanarent
1027 3122 1129 3206 sigma
1142 3141 1210 3185 esse
1229 3121 1262 3184 in
1277 3120 1464 3186 andenam

251 3244 371 3320 partem
390 3255 528 3316 versum,
555 3234 582 3300 Ο
603 3237 724 3321 figurae
744 3237 972 3322 adscripserunt
991 3235 1020 3302 (i
1039 3235 1155 3320 sigma,
1180 3256 1261 3319 quae
1280 3243 1372 3298 notae
1392 3243 1465 3320 post

251 3350 284 3414 in
304 3371 399 3413 unam
420 3348 473 3415 00
496 3349 584 3433 (eo
603 3350 674 3417 (M)
692 3349 749 3436 ω)
769 3349 1045 3416 confrmdebantur.
1081 3347 1227 3415 Ceterum
1244 3371 1299 3414 cur
1318 3347 1465 3414 aerae

254 3485 322 3527 cam
344 3463 492 3530 Olaudius
513 3487 577 3530 non
603 3466 771 3530 servaverit
799 3465 924 3530 difficile
950 3465 1076 3550 quidem
1099 3463 1141 3527 ad
1171 3462 1381 3549 indagandum
1407 3470 1465 3544 est,

253 3587 357 3642 tamen
384 3579 468 3642 hand
499 3579 634 3644 absurde
668 3578 822 3645 existimes
856 3579 1015 3644 affectasse
1049 3597 1121 3641 eum
1153 3575 1181 3641 O
1215 3579 1305 3643 litera
1337 3577 1465 3642 indueta

252 3691 385 3778 gloriam
406 3693 558 3758 nouitatis.

336 3805 493 3884 Quoniam
520 3807 573 3874 PS
599 3816 631 3872 et
658 3804 713 3873 Bs
739 3828 830 3872 voees
860 3807 893 3869 in
919 3805 1030 3872 latino
1058 3827 1201 3870 sermone
1229 3805 1314 3870 haud
1341 3806 1384 3869 ita
1403 3805 1465 3869 tre-

253 3931 384 4008 quenter
402 3931 605 4008 usurpantur,
625 3922 687 3986 hoc
707 3921 882 3986 mirandum
903 3942 966 3986 non
986 3930 1034 3986 est
1054 3921 1138 4006 quod
1157 3919 1279 3986 nullum
1300 3919 1465 4004 antisigma

254 4033 417 4102 Claudiani
438 4037 478 4100 ad
498 4044 635 4100 nostram
653 4035 835 4100 memoriam
855 4035 1033 4122 exemplum
1053 4036 1174 4100 mansit.
1200 4033 1340 4120 Vestigia
1359 4043 1466 4102 minen

254 4146 318 4212 eius
339 4149 457 4213 inventi
477 4149 715 4238 deprehendisse
735 4150 811 4212 mihi
831 4150 864 4212 in
891 4171 953 4214 una
973 4151 1170 4238 inscriptione
1189 4149 1297 4212 videor
1319 4167 1412 4234 quam
1431 4148 1465 4210 in

254 4262 383 4349 septimo
408 4264 507 4351 capite
528 4263 708 4328 describam.
758 4265 840 4329 Nam
863 4289 933 4330 cum
961 4267 992 4328 in
1020 4263 1144 4352 publica
1165 4261 1270 4326 tabula
1291 4284 1309 4326 e
1331 4283 1392 4347 qna
1412 4261 1466 4325 hic

254 4376 358 4440 titulus
379 4378 578 4463 transcriptus
608 4387 653 4444 est
673 4377 928 4446 DIPSOVRTO
953 4400 1068 4444 nomen
1088 4378 1135 4446 bis
1163 4379 1206 4440 sic
1229 4374 1465 4444 DIOOVRTO

254 4489 425 4575 legeretur,
453 4491 478 4554 is
506 4492 559 4576 qui
587 4494 775 4578 transcripsit
807 4493 853 4558 bis
880 4487 1163 4560 DIOPSOVRTO
1197 4490 1239 4554 ita
1274 4489 1394 4556 videtur
1419 4489 1465 4552 in-
