3100 5268
831 296 852 367 8
962 385 970 390 .

712 385 757 392 .--.-

237 508 319 594 apud
347 507 457 574 Aeolis
485 506 610 572 hatur
659 504 885 589 Acceduntque
915 527 986 569 cum
1013 505 1146 572 aliorum
1171 507 1367 591 quorundam
1394 529 1451 570 no

237 621 355 684 minmn
373 619 510 706 duplicas
530 621 648 685 formae
668 629 703 684 ut
723 619 849 684 Afillius
869 628 901 684 et
921 619 1073 701 Avillius,
1101 620 1231 686 Alarius
1249 630 1282 686 et
1301 621 1451 701 Avarius,

236 734 378 800 Falerius
392 742 423 800 et
437 734 595 816 Valerius,
617 733 771 800 Festinius
792 741 824 798 et
838 733 994 799 Vestinius
1002 780 1010 817 ,
1031 733 1142 798 Fillius
1164 744 1194 800 et
1207 735 1337 815 Villius,
1357 733 1451 800 Folia

237 859 268 912 ct
290 849 398 929 Velia,
421 849 551 914 Ofanius
572 857 604 914 et
623 846 780 928 Ovanins,
809 847 898 914 Ofius
920 857 951 913 et
969 847 1084 930 Ovius,
1113 847 1234 917 Ofinius
1256 856 1286 914 et
1306 846 1451 928 Ovinius,

235 962 395 1026 Prifernas
416 970 446 1026 et
466 963 650 1043 Privernas,
677 970 744 1026 tum
770 961 893 1047 figulini
920 962 1022 1048 operis
1043 961 1202 1028 Velleiatis
1230 963 1395 1028 auctoritas
1415 962 1451 1024 in

237 1098 300 1161 quo
320 1076 513 1163 Borghesius
534 1079 607 1142 Act.
628 1075 728 1139 Instit.
748 1075 902 1140 archaeol.
919 1076 999 1140 1841
1015 1099 1045 1162 p.
1062 1076 1120 1140 141
1135 1075 1220 1141 hunc
1239 1097 1305 1141 esse
1325 1074 1450 1140 titulum

236 1191 416 1277 inscriptum
448 1190 543 1256 refert
575 1189 629 1254 L·
651 1188 746 1256 NAE
767 1190 783 1272 ll
802 1187 897 1256 008·
919 1188 969 1254 NJ
989 1191 1001 1274 ll
1023 1189 1120 1256 ΛΕΜ
1138 1223 1145 1238 ·
1166 1189 1222 1254 L·
1245 1189 1321 1272 FO,
1349 1189 1382 1253 id
1403 1200 1453 1255 est

237 1303 331 1368 ‘Luci
359 1303 460 1372 Naevi
487 1303 664 1368 consulibus
698 1302 803 1368 Manio
827 1303 964 1370 Aemilio
994 1303 1091 1369 Lucio
1121 1303 1279 1372 Volcatio'
1308 1303 1348 1387 (a.
1368 1326 1398 1368 u.
1419 1326 1450 1366 c.

236 1418 321 1502 688).
356 1417 425 1484 Nec
445 1417 552 1482 dubito
575 1417 650 1502 quin
670 1417 730 1480 hac
749 1417 869 1482 ratione
889 1417 1109 1504 explicandum
1128 1417 1167 1481 sit
1187 1417 1272 1502 quod
1291 1417 1324 1481 in
1344 1415 1452 1480 multis

236 1531 395 1597 vocabulis
416 1531 491 1594 olim
511 1529 614 1594 Latini
633 1551 733 1616 aeque
752 1539 845 1615 atque
865 1530 1028 1596 AeolesF
1049 1531 1139 1596 litera
1164 1553 1222 1618 pro
1243 1531 1452 1617 adspiratione

236 1647 402 1712 utebantur
422 1645 507 1711 velut
526 1645 560 1709 in
580 1645 688 1710 sordeo
710 1652 741 1709 et
761 1643 859 1708 foedis
879 1653 911 1709 et
930 1643 997 1708 aliis
1019 1666 1099 1732 quae
1116 1643 1338 1712 Mommsenius
1359 1645 1452 1710 infer.

236 1760 306 1825 Ital.
327 1759 447 1826 dialect.
468 1781 499 1846 p.
521 1760 583 1826 359
604 1759 766 1845 congessit

319 1871 385 1941 Sed
406 1881 440 1938 ut
458 1873 552 1937 adid
572 1873 654 1938 unde
677 1873 815 1958 degressi
833 1894 938 1936 sumus
966 1881 1174 1954 revertamur,
1204 1871 1237 1934 in
1264 1872 1395 1938 similem
1415 1883 1453 1936 ut

237 1985 447 2056 Schneiderus
473 2008 611 2052 errorem
637 1986 760 2074 Lipsius
781 1985 822 2052 ad
843 1986 917 2050 Tac.
937 2009 1009 2050 ann.
1031 1985 1082 2050 XI
1104 1987 1147 2050 14
1164 1986 1312 2054 inductus
1329 1994 1375 2052 est
1395 1987 1451 2071 qui

237 2101 413 2170 Varronem
433 2100 461 2164 d
481 2102 615 2188 figuram
642 2102 675 2166 in
701 2099 860 2166 literarum
880 2119 1045 2166 numerum
1071 2099 1205 2166 adscribi
1224 2099 1358 2166 voluisse
1378 2123 1450 2186 pro-

236 2217 364 2282 baturus
390 2225 500 2284 testem
527 2215 670 2302 producit
696 2216 865 2280 Annaeum
892 2213 1066 2280 Cornutum
1095 2215 1116 2280 l.
1138 2215 1169 2278 d.
1205 2214 1303 2278 ‘hanc
1328 2214 1450 2280 literam

238 2330 402 2395 Terentius
430 2330 533 2395 Varro
558 2331 632 2394 dum
659 2329 727 2394 vult
753 2330 971 2397 demonstrare
998 2329 1041 2392 ita
1071 2326 1234 2416 perscribit
1258 2329 1368 2411 vav,
1397 2330 1450 2414 qui

238 2465 313 2529 ergo
334 2445 367 2508 in
388 2443 448 2508 hau
467 2443 590 2529 syllaba
610 2465 704 2508 sonus
726 2452 786 2526 est,
806 2444 889 2510 idem
909 2443 1017 2508 literae
1037 2443 1113 2508 crit'
1149 2443 1271 2522 Quibus
1292 2441 1450 2508 Cornutus

237 2558 339 2622 versa
367 2558 450 2624 nem
477 2559 562 2643 quos
588 2557 765 2624 rannus
795 2557 814 2621 1
841 2559 878 2640 4,
905 2557 947 2622 ao
973 2579 1004 2643 p.
1035 2557 1075 2622 ιι
1111 2533 1219 2622 usas.
1254 2557 1451 2642 significavit,

237 2673 413 2742 Varronem
433 2672 530 2739 VAV
551 2672 719 2740 ostendisse
740 2673 771 2738 V
791 2672 899 2740 literae
918 2693 1034 2740 nomen
1054 2693 1130 2738 esse.

694 2935 990 2944 ..mmm—.-

657 3149 784 3261 calu
811 3146 1036 3241 secunlum.

320 3337 464 3404 Alteram
483 3339 605 3406 literam
625 3361 643 3404 a
665 3338 796 3404 Claudio
816 3339 973 3404 inventam
993 3345 1078 3402 tanta
1098 3335 1258 3424 intercepit
1280 3337 1395 3400 oblivio
1417 3347 1453 3400 ut

238 3475 317 3518 unus
340 3475 379 3516 ex
401 3453 556 3518 veteribus
581 3453 789 3540 grammaticis
816 3461 846 3517 et
874 3453 969 3536 longe
994 3451 1148 3516 inferioris
1175 3450 1281 3514 aetatis
1309 3450 1453 3536 scriptor,

237 3567 414 3632 Priscianus
441 3566 518 3648 17,
546 3567 587 3634 42
615 3590 645 3654 p.
677 3569 717 3632 33
745 3567 853 3632 Hertz.
882 3576 1000 3632 cerbrm
1027 3566 1066 3631 de
1093 3585 1130 3628 ea
1154 3564 1360 3628 testimonium
1380 3585 1453 3650 per-

238 3680 372 3746 hibuerit
393 3681 493 3746 ‘Huic
514 3679 563 3770 [S]
584 3682 783 3769 praeponitur
803 3681 830 3744 P
851 3689 882 3746 et
907 3680 976 3745 loco
1003 3685 1039 3740 Ψ
1056 3677 1196 3745 Graecae
1216 3678 1371 3763 fungitur,
1392 3699 1452 3765 pro

239 3816 300 3880 qua
321 3793 469 3859 Claudius
492 3794 607 3860 Cacsar
634 3795 797 3880 antisigma
817 3790 871 3862 00
897 3795 956 3858 hac
978 3795 1081 3879 figura
1107 3793 1201 3858 scribi
1221 3793 1336 3856 voluit'
1377 3791 1452 3856 Dis-

239 3916 344 3995 crepat
365 3908 490 3995 quidem
511 3909 637 3974 omnino
658 3932 729 3973 cum
750 3909 910 3974 Priscisno
932 3909 1107 3974 Marcianus
1129 3907 1258 3994 Capella
1278 3906 1333 3972 III
1353 3927 1451 3994 segm.

239 4022 302 4088 245
321 4030 398 4086 extr.
435 4021 533 4086 ‘Huic
555 4021 603 4110 [S]
624 4022 731 4086 literae
752 4023 840 4088 divus
861 4021 1009 4088 Claudiis
1030 4022 1057 4087 P
1076 4022 1186 4088 adiecit
1203 4030 1256 4089 aut
1277 4019 1305 4087 O
1323 4030 1452 4107 propter

245 4141 281 4196 Ψ
298 4143 328 4202 et
347 4136 378 4202 Ξ
397 4135 533 4202 Graecas
554 4137 673 4218 literas,
701 4147 735 4201 ut
753 4136 782 4202 P
802 4137 996 4223 psalterium,
1017 4145 1050 4201 ut
1071 4135 1099 4202 C
1118 4136 1221 4203 sarsa’
1238 4137 1261 4220 1)
1294 4132 1359 4201 Sed
1379 4153 1451 4198 eum

239 4272 337 4338 prope
364 4251 397 4314 in
426 4252 568 4315 omnibus
596 4252 702 4334 rebus,
737 4258 897 4316 externam
924 4251 1034 4318 fidem¹
1052 4250 1079 4316 si
1105 4258 1295 4338 spectamus,
1323 4247 1452 4334 gravior

285 4430 308 4493 ¹)
327 4432 417 4481 ‘sassa'
435 4435 581 4495 scrtpturarn
598 4449 662 4498 quae
679 4435 799 4485 Marciani
817 4439 953 4486 sententiae
977 4437 1050 4484 unice
1072 4435 1187 4484 convenit
1205 4435 1319 4497 Koppiur
1339 4435 1450 4480 vetustas

326 4533 448 4584 editiones
466 4541 565 4584 secutus
582 4549 628 4598 pro
646 4537 691 4584 hec
710 4537 794 4584 ‘saxa'
814 4551 877 4598 quas
895 4538 921 4584 in
940 4535 1067 4584 codicibus
1085 4540 1202 4583 ostreata
1220 4535 1338 4584 restituit.
