3100 5268
429 1149 432 1154 ’
490 1253 493 1258 ¹
548 1125 673 1240 eaput
700 1123 880 1238 prinum.

195 1335 285 1412 luter
312 1369 408 1411 novas
443 1325 546 1411 literas
579 1370 654 1434 quas
690 1346 838 1412 Claudius
871 1347 903 1408 in
931 1346 1120 1410 literaturam
1148 1345 1321 1410 Romanam

110 1461 233 1527 induxit
254 1462 445 1526 notissimum
468 1471 514 1526 est
535 1462 699 1548 digamma.
743 1461 855 1539 Quode
883 1479 901 1524 e
928 1460 1148 1524 recentioribus
1168 1481 1321 1544 gramma-

110 1575 176 1639 ticis
197 1586 322 1663 praeter
339 1575 438 1640 Taciti
458 1585 489 1638 et
506 1575 646 1643 Suetonii
667 1577 848 1662 interpretes
869 1575 1009 1661 inprimis
1030 1583 1162 1660 egerunt
1176 1573 1252 1639 Ger.
1273 1572 1320 1638 Io.

111 1689 239 1754 Vossius
266 1691 438 1755 Aristarch.
466 1690 547 1755 Ι24
574 1715 604 1778 p.
628 1691 665 1754 71
689 1690 864 1772 Foertsch„
893 1689 979 1753 Frid.
1008 1690 1127 1754 Ruhius
1157 1687 1280 1774 specim.
1302 1686 1321 1750 I

109 1803 217 1892 philol.
243 1804 534 1870 numismatioo-lat.
569 1827 600 1891 p.
630 1806 687 1886 35,
719 1804 987 1868 Nahmmacherus
1023 1803 1062 1867 de
1090 1802 1200 1866 litarat.
1228 1802 1319 1866 Rom.

109 1941 139 2004 p.
163 1919 241 2000 203,
271 1919 366 1985 Oonr.
395 1919 491 2007 Leop.
522 1916 730 1985 Schneiderus
757 1939 887 2004 gramm.
917 1919 969 1982 lat.
995 1917 1015 1982 I
1040 1941 1070 2004 p.
1097 1918 1126 1980 4.
1170 1916 1320 1981 Veterum

108 2041 211 2097 autem
232 2035 416 2121 scriptorum
442 2033 616 2099 testimonia
643 2044 677 2097 ut
703 2033 773 2119 plus
800 2033 902 2098 minus
929 2033 1045 2096 habent
1072 2032 1259 2095 auctoritatis
1279 2031 1320 2093 ita

109 2147 278 2234 composita
298 2147 375 2212 haec
395 2157 482 2213 sunt:

190 2261 367 2326 Priscianus
387 2263 480 2326 instit.
501 2271 664 2349 grammat.
686 2262 760 2345 14,
783 2264 825 2327 20
844 2286 875 2349 p.
898 2264 938 2328 15
959 2263 1067 2327 Hertz.
1096 2264 1144 2327 ‘V
1157 2285 1233 2328 vero
1249 2262 1318 2327 loco

109 2376 304 2441 consonantis
332 2377 431 2462 posita
458 2378 588 2441 eandem
615 2398 741 2463 prorsus
772 2379 805 2441 in
833 2378 975 2442 omnibus
1009 2379 1072 2441 vim
1099 2377 1207 2441 habuit
1236 2377 1319 2463 apud

107 2489 251 2572 Latinos,
272 2511 365 2575 quam
385 2492 467 2577 apud
488 2493 598 2558 Aeolis
619 2493 784 2578 digamma.
824 2494 919 2560 Unde
939 2515 958 2555 a
977 2492 1132 2579 plerisque
1154 2491 1183 2555 ei
1204 2512 1319 2555 nomen

108 2607 168 2670 hoe
202 2606 309 2688 datur,
344 2607 429 2691 quod
455 2607 538 2692 apud
566 2607 675 2672 Aeolis
704 2607 811 2670 habuit
846 2607 920 2672 olim
954 2606 983 2670 F
1013 2597 1185 2693 digamma,
1212 2606 1244 2669 id
1273 2613 1319 2670 est

107 2719 219 2800 VAV,
249 2720 289 2783 ab
315 2720 409 2806 ipsius
431 2741 508 2784 voce
528 2721 701 2806 profectum
721 2729 798 2785 teste
817 2721 960 2785 Varrone
982 2730 1012 2784 et
1032 2721 1190 2807 Didymo,
1212 2721 1266 2807 qui
1284 2719 1318 2784 id

107 2834 134 2895 ei
157 2855 269 2898 nomen
291 2855 358 2898 esse
378 2833 552 2898 ostendunt.
594 2835 658 2900 Pro
687 2857 749 2920 quo
777 2833 893 2900 Caesar
921 2836 1002 2899 hane
1023 2835 1051 2898 d
1071 2836 1204 2922 figuram
1225 2834 1318 2898 scribi

106 2948 220 3029 voltut3
249 2947 334 3034 quod
361 2949 501 3035 quamvis
529 2948 575 3012 illi
601 2959 684 3014 recte
708 2938 808 3014 visum
835 2960 896 3031 est,
924 2959 1027 3014 tamen
1054 2950 1243 3015 consuetudo
1265 2973 1317 3012 an-

106 3063 191 3148 tiqua
211 3064 386 3150 superavit!
420 3061 627 3129 Scribeudum
648 3073 694 3128 est
715 3063 794 3126 ‘Pro
814 3086 876 3150 quo
899 3049 1048 3129 Claudius
1070 3063 1210 3146 Caesar’‚
1231 3065 1316 3150 quod

105 3198 219 3242 nomeu
248 3199 318 3242 cum
345 3177 522 3242 Priscianus
549 3178 678 3241 fortasse
707 3177 771 3242 GL.
801 3185 936 3242 notasset
961 3179 1013 3260 (cf.
1040 3201 1104 3243 var.
1134 3179 1203 3244 lect.
1233 3178 1314 3242 Plin.

105 3301 205 3356 nattu.
234 3291 340 3356 histor.
369 3291 400 3354 V
422 3294 456 3373 1,
483 3293 503 3355 2
532 3301 565 3356 et
591 3293 622 3376 3)
651 3293 740 3355 facile
768 3293 886 3356 librarii
912 3294 1192 3379 praetermiserunt.
1233 3292 1316 3357 Nam

105 3407 153 3470 Ti.
177 3406 356 3487 Claudium,
376 3428 440 3482 non
455 3405 491 3471 C.
505 3405 620 3470 Iulium
642 3427 735 3492 quem
756 3406 902 3472 ‘Caesar'
923 3408 949 3470 si
971 3408 1053 3472 uude
1074 3417 1207 3494 ponatiu
1224 3409 1315 3474 inter-

104 3529 262 3606 pretemur
284 3540 408 3585 necesse
430 3529 490 3601 est,
519 3519 676 3605 digamma
703 3520 781 3586 illud
809 3522 963 3586 invenisse
985 3521 1193 3600 Quintilianus
1221 3531 1251 3587 et
1271 3523 1316 3584 in-

104 3635 283 3721 scriptiones
297 3633 464 3698 deelarant.
496 3634 609 3720 Neque
628 3636 662 3698 in
675 3637 801 3702 nomine
817 3637 1087 3701 commemorando
1106 3657 1166 3723 per
1186 3638 1315 3700 inscien-

104 3749 179 3812 tiam
192 3749 386 3814 Priscianum
399 3769 518 3814 errasse
539 3749 713 3831 credemus,
735 3751 848 3837 quippe
869 3753 922 3837 qui
942 3773 982 3815 ne
995 3750 1159 3836 antisigma
1180 3752 1314 3836 quidem,

103 3864 235 3929 alterum
255 3864 414 3929 inventum
436 3863 659 3946 Claudianum,
680 3865 834 3952 plerisque
855 3865 1045 3950 incognitum
1073 3866 1272 3950 ignoraverit.

189 3979 397 4056 Quintilianus
411 3980 503 4072 instit.
519 3988 595 4044 orat.
617 3978 685 4062 17,
700 3981 741 4044 26
762 3979 886 4044 ‘Nostri
899 3987 1113 4066 praeceptores
1132 3977 1314 4045 SERVOM

105 4091 351 4180 CERVOMque
371 4094 404 4157 V
422 4102 453 4157 et
473 4094 504 4160 Ο
526 4094 622 4160 literis
642 4096 844 4182 scripsertmt,
872 4096 943 4182 quia
963 4095 1098 4160 subiecta
1119 4095 1176 4158 sibi
1198 4093 1313 4160 vocalis

103 4209 136 4272 in
156 4231 254 4272 unum
274 4229 385 4272 sonum
406 4208 579 4274 coalescere
607 4218 638 4274 et
664 4209 811 4274 confundi
839 4210 994 4296 nequiret3
1022 4231 1105 4274 nunc
1131 4209 1163 4272 V
1189 4207 1314 4294 gemina

103 4322 279 4388 scribuntur
299 4345 336 4387 ea
355 4323 474 4388 ratione
495 4347 590 4409 quam
610 4323 747 4389 reddidi:
777 4334 885 4388 neutro
913 4347 987 4388 sane
1014 4323 1108 4387 modo
1136 4345 1198 4386 vox
1220 4343 1313 4407 quam

104 4439 252 4504 sentimus
280 4438 420 4503 efficitur.
471 4431 539 4502 Nec
559 4437 707 4507 inutiliter
727 4439 876 4506 Claudius
897 4439 1059 4504 Aeolicam
1086 4437 1172 4502 illam
1194 4437 1234 4502 ad
1256 4438 1312 4501 hos

104 4575 176 4618 usus
197 4555 317 4622 literam
338 4553 508 4620 adiecerat!

1099 4653 1115 4713 l
1129 4652 1147 4690 ὃ*
